2618 3900
504 173 541 227 M.
561 172 740 229 PACVVIVS

581 394 656 452 VIII

107 497 178 562 His
201 495 353 582 sollicita,
376 493 482 560 stadio
502 494 686 581 obstupida,
709 498 861 579 saspenso
886 493 991 558 animo
1011 493 1125 558 ciuitas

187 617 259 672 Non.
280 622 371 684 alat
393 615 480 669 ‘inter
498 615 595 670 urbem
615 619 643 669 et
662 615 808 670 ciuitatem
825 616 878 670 hoa
897 615 1026 670 interest:
1046 615 1125 668 urbs

111 692 159 744 eat
179 687 320 757 aedificia,
340 686 468 741 ciuitas
486 685 595 741 incolae
612 688 665 742 ...’

109 867 153 922 Μ
186 793 232 920 &a
255 795 306 865 (vel
329 793 378 864 sic)
401 795 503 849 conieci
524 792 565 846 hil
585 814 606 847 ω
631 793 673 846 nil
690 794 794 849 Jamias
816 796 848 848 ia
866 812 917 866 my.
991 808 1125 862 suspensa

152 883 186 922 αθ
215 884 234 938 y

601 961 644 1020 IX

107 1065 255 1130 M6rtem
270 1065 445 1148 ostentant,
464 1062 563 1148 rtgno
579 1045 756 1148 expalluit,
775 1063 1043 1150 atnaanguineam
1057 1082 1124 1129 esse
1144 1075 1177 1124 55

755 1167 912 1233 abdicant.

187 1291 258 1345 Non.
273 1293 335 1357 450,
349 1294 384 1342 30
405 1288 582 1344 ‘abdicare
600 1307 658 1344 non
677 1290 767 1345 solum
786 1290 820 1343 de
838 1288 927 1359 patris
941 1288 1017 1344 facto
1031 1291 1125 1358 potest

108 1361 182 1430 dici,
201 1360 276 1429 quod
295 1362 338 1414 eat
355 1359 465 1414 familia
484 1360 602 1430 abicere,
624 1361 673 1415 aed
691 1377 750 1415 rem
768 1359 924 1429 quamlibet
941 1361 1065 1430 negare!

188 1467 236 1522 Aa
255 1465 509 1536 consanguineum?

606 1565 634 1623 X

107 1665 234 1752 'Itgiae
247 1685 333 1729 nunc
346 1664 518 1729 nemoralis
532 1687 667 1752 ragnum
681 1666 805 1750 patitur
816 1665 1005 1730 transmissit
1014 1665 1122 1750 patria.

187 1785 258 1840 Non.
275 1789 340 1854 481,
354 1790 386 1839 31
414 1785 543 1855 ‘potior
563 1786 643 1840 illam
661 1802 720 1840 rem
737 1803 802 1855 pro:
826 1785 877 1840 illa
895 1802 924 1840 re
943 1785 1036 1855 potior
1051 1787 1121 1840 ....’

1143 1721 1177 1771 57

187 1892 247 1962 regi
275 1895 307 1946 ut
334 1892 501 1951 memorabis
528 1911 603 1947 nunc
626 1914 647 1947 ω
673 1892 733 1962 regi
755 1895 788 1946 ut
809 1892 975 1962 memoriani,
1004 1891 1028 1946 is
1050 1910 1124 1946 nunc

110 1965 244 2020 Bottiaa
274 1963 378 2033 'legiae
396 1981 502 2018 memor
520 1964 567 2019 aui
586 1981 660 2018 nunc
678 1965 740 2019 Bae
793 1980 887 2033 ragam
905 1965 952 2018 Ba

597 2115 640 2172 XI

111 2215 203 2294 Quid
225 2216 309 2280 aaa
333 2214 403 2280 est?
424 2215 552 2280 uultum
575 2215 693 2302 caligat
716 2237 797 2300 quaa
819 2216 978 2282 tn'stitas?
1143 2191 1176 2239 ⁵⁸

188 2335 371 2404 Non.182‚1
393 2335 578 2390 ‘tristitas’
599 2335 779 2406 (tristitias
802 2336 881 2406 libri,
905 2354 973 2392 corr.
995 2338 1123 2408 Guiatua)
1143 2280 1176 2328 ⁵9

112 2409 184 2477 ‘pro
202 2406 328 2460 tristitia.
359 2406 498 2461 Pacuuius
512 2406 681 2464 Atalanta..
695 2453 699 2463 .
711 2407 852 2478 Turpilius
866 2409 1006 2463 Leucadia
1020 2410 1121 2482 [XVI]’

188 2512 252 2566 istic
271 2513 345 2582 HL,
365 2521 429 2582 post
445 2531 499 2570 raa.
519 2515 558 2570 W
626 2513 732 2584 caligat
756 2531 828 2583 quae
851 2515 973 2586 Scaliyer
995 2513 1124 2585 alligate—

112 2599 171 2653 que
195 2605 216 2638 ω
245 2583 346 2654 alligat
368 2601 440 2652 quae
463 2585 567 2640 Jaaiua
589 2601 662 2653 quae
685 2584 792 2656 caligat
814 2585 876 2640 Bae
949 2584 1081 2639 tristitias
1102 2607 1123 2640 ω

111 2654 247 2797 Effigie?
265 2656 383 2712 Bottiaa
455 2655 517 2724 quis
536 2655 600 2709 istic
618 2655 713 2710 uoltus
732 2655 876 2726 caligans?
894 2672 966 2724 quaa
984 2655 1124 2712 tristitas?

591 2823 649 2882 XII

113 2923 206 3002 Quae
229 2924 395 3011 atgritudo
418 2923 558 2989 insolens
580 2927 720 2990 me'ntem
744 2927 914 3010 attemptat
936 2925 1048 2990 tuam?
1143 2943 1176 2992 60

111 3117 125 3170 1
165 3045 264 3170 tN⁰n3
280 3051 345 3113 322,
362 3051 393 3100 17
420 3045 589 3100 ‘insolens
612 3063 722 3100 rursum
743 3064 800 3102 non
823 3047 914 3101 solens
931 3047 1016 3103 ...Ρ.
1036 3046 1123 3100 Atha

126 3133 165 3171 an
181 3133 252 3170 a...

586 3214 660 3272 XIII

110 3313 230 3402 Habeo
240 3309 300 3402 ago
311 3314 406 3379 istam
417 3314 476 3399 qui
483 3313 679 3401 distinguam
688 3315 773 3380 mter
781 3339 840 3382 uos
849 3315 1123 3404 geminItiidl'nam.

189 3435 259 3490 Non.
281 3442 389 3506 116,18
410 3435 733 3506 ‘geminitudinem’

190 3543 259 3597 abeo
277 3556 301 3614 ψ

1143 1633 1234 1682 56.
