2618 3900
180 175 222 236 74
593 172 624 237 Q·
643 171 778 227 ENNIVS

178 333 277 388 stabat
294 333 494 402 Neoptolemus
513 332 599 400 Enni,
623 332 672 401 qui
691 347 724 386 se
744 331 786 386 ait
804 330 983 385 filosofari
1001 330 1107 399 uelle,
1135 332 1187 384 set

177 403 310 474 paucis:
338 421 414 458 nam
437 403 571 474 omnino
594 404 685 457 haud
707 403 864 472 placara’
889 405 925 472 (c)
944 401 1051 456 Gellius
1070 401 1097 454 V
1112 406 1185 469 15,9

180 475 355 530 ‘Ennianum
377 474 593 545 Neoptolemum
615 474 817 544 probabamus,
845 473 894 542 qni
916 473 1042 542 profecto
1065 471 1108 526 ita
1131 472 1186 528 ait:

177 546 490 616 philosophandum
513 549 565 600 est
587 545 720 615 pancisz
743 563 821 599 nam
844 544 979 599 omnino
1002 543 1093 597 hand
1111 543 1187 613 pla·

178 619 251 672 cct'
288 617 397 672 Ibidem
417 622 494 686 16,5
525 616 720 686 ‘eiusdemque
747 615 824 670 illius
852 615 975 669 Enniani
998 614 1186 684 Neoptolemi,

178 690 282 758 dequo
297 705 381 758 supra
396 687 565 758 scripsimus,
580 687 698 743 consilio
711 687 848 742 utendum
862 689 913 754 est,
932 685 981 755 qui
998 687 1188 756 degustan-

178 761 253 814 dum
277 777 315 814 ex
337 759 562 829 philosophia
585 761 714 828 censet,
737 776 803 812 non
821 757 856 812 in
874 775 946 812 earn
964 756 1187 828 ingurgitan-

178 832 272 886 dum.'
293 831 332 900 (d)
355 831 436 884 Vnde
460 829 527 884 olim
549 831 637 884 talem
661 846 784 886 versum:
808 829 1059 900 degustandum
1077 845 1116 882 ex
1135 831 1187 897 ea,

176 920 243 956 non
266 903 300 955 in
323 918 396 956 eam
417 901 703 971 ingdrgitandum
726 903 846 956 censeo
866 900 1049 954 adiunxeram
1067 900 1105 953 ad
1124 904 1186 967 340,

179 974 228 1028 sed
255 989 339 1042 aegre
363 971 755 1042 desideraturphilosophiae
777 987 879 1026 nomen
902 971 940 1025 ad
963 971 1038 1040 quod
1061 987 1099 1024 ea
1121 987 1188 1040 pro-

177 1061 279 1098 nomen
296 1043 393 1097 referri
411 1043 513 1112 possit:
532 1043 629 1112 itaque
643 1043 798 1098 Mereklino
817 1041 950 1109 concessi,
969 1041 1018 1110 qui
1034 1041 1065 1094 in
1078 1041 1186 1097 annall.

176 1115 285 1184 philoll.
306 1113 440 1183 supplem.
459 1115 498 1167 ΙΠ
513 1120 563 1168 668
584 1113 676 1168 Gellio
697 1114 767 1168 haee
785 1113 970 1182 relinquenda
988 1129 1048 1167 esse
1067 1112 1186 1167 censuit.

176 1185 312 1254 Apuleius
332 1185 366 1239 de
384 1185 480 1255 magia
499 1202 521 1240 c.
538 1191 570 1238 13
588 1204 615 1254 p.
631 1191 683 1238 415
699 1185 769 1240 Oud.
790 1187 836 1239 ‘ne
855 1201 907 1255 ego
925 1199 1038 1238 necesse
1054 1183 1186 1252 habeam,

177 1259 275 1310 contra
298 1255 468 1310 sententiam
485 1256 667 1326 Neoptolemi
685 1256 808 1310 Enniani
824 1255 952 1326 pluribus
971 1255 1186 1324 philosophari?

177 1330 213 1397 (e)
233 1326 272 1382 cf.
292 1326 418 1382 Platonis
437 1327 556 1397 Hippias
574 1327 664 1382 maior
681 1345 709 1396 p.
724 1333 776 1382 286
790 1329 821 1382 B.
859 1326 957 1380 Tribui
975 1343 1056 1395 posse
1075 1326 1187 1380 Andro-

176 1399 294 1522 nRrachae
317 1397 431 1452 fabulae
451 1398 548 1452 monui
566 1398 597 1452 in
615 1401 723 1467 quaest.
743 1415 814 1454 soen.
834 1417 861 1468 p.
877 1403 936 1454 258.
974 1397 1008 1452 of.
1027 1397 1092 1476 bist.
1112 1399 1185 1468 trag.

202 1475 335 1525 om.140.

246 1594 440 1664 philosophari
458 1597 502 1649 est
519 1594 590 1648 mihi
607 1610 734 1664 neeesse,
753 1596 784 1648 at
803 1595 926 1661 Vossius,
945 1595 979 1662 ef.
994 1612 1020 1648 a.
1040 1611 1078 1648 aa
1093 1593 1187 1663 philo·

177 1665 319 1748 sopbarier
337 1669 495 1722 necessest?
560 1665 817 1749 philosoplrandum
835 1667 890 1734 est,
910 1665 960 1718 sed
978 1666 1096 1720 Baebius
1114 1683 1149 1721 ecc
1167 1668 1188 1722 d

175 1738 246 1814 mrhr
263 1737 520 1806 philosophandum
539 1739 583 1791 est
600 1737 737 1815 Ddocscus

645 1905 717 1964 XIV

121 2023 173 2072 342
183 2007 295 2072 Ardua
317 2010 404 2070 tesca
427 2028 538 2090 aspera
561 2007 638 2071 saxa
661 2009 743 2070 tuor.

244 2145 343 2198 Festus
361 2162 387 2213 p.
403 2150 463 2212 356,
479 2151 512 2198 23
526 2145 564 2198 M.
584 2144 736 2198 secundum
749 2145 958 2199 VaticanumR
975 2147 1048 2199 teste
1065 2145 1183 2199 Momm-

175 2233 241 2271 seno
264 2215 294 2269 in
317 2232 415 2269 comm.
439 2216 518 2270 acad.
542 2215 663 2270 Berolin.
687 2233 712 2270 a.
728 2221 798 2270 1864
816 2235 842 2286 p.
859 2222 893 2270 64
918 2215 1039 2284 ‘templa
1064 2217 1184 2284 antiqua

174 2291 269 2343 tesca
297 2303 358 2340 esse
381 2285 423 2340 ait
446 2288 542 2341 cuero’
568 2287 596 2355 (i.
617 2303 639 2342 a.
666 2285 777 2342 ‘Cicero
800 2288 894 2356 uero’)
914 2287 1030 2356 ‘aspera
1054 2286 1183 2342 difficilia

175 2359 262 2413 aditu.
299 2356 440 2412 Ennius:
459 2358 565 2412 ardua
584 2373 705 2427 aspera
725 2375 806 2412 saxa
824 2357 920 2411 tuor.’
959 2358 1112 2412 seeundum
1130 2359 1183 2413 Vr-

174 2429 279 2485 sinum:
300 2428 421 2498 ‘templa
440 2429 557 2497 antiqua
574 2431 577 2498 1
594 2429 697 2500 [deum.
722 2429 817 2483 Cicero
836 2429 914 2499 u]er0
934 2445 1034 2497 aspera
1053 2428 1183 2485 difficilia

174 2501 255 2556 aditu
271 2505 275 2573 1
292 2500 376 2573 [dixit
399 2518 462 2555 cum
483 2499 524 2554 ait
542 2500 631 2572 lo]ca
649 2516 770 2570 aspera
790 2515 871 2552 saxa
889 2502 985 2552 tesca
1003 2501 1099 2555 tuor.’
1140 2501 1181 2556 cf.

173 2573 277 2628 Paulus
312 2574 422 2627 ‘tesca
451 2571 515 2626 loca
542 2571 661 2641 augurio
689 2570 846 2640 designata.
888 2569 983 2624 Cicero
1012 2587 1112 2639 aspera
1139 2572 1186 2627 ait

174 2660 234 2698 esse
253 2647 282 2698 et
300 2643 448 2698 difficilia!
476 2643 615 2711 Enniana,
634 2659 706 2711 quae
723 2641 791 2696 olim
804 2641 878 2694 inter
890 2640 998 2694 incerta
1011 2641 1186 2698 incertarum

173 2715 334 2770 fabularum
352 2714 503 2783 latuerunt,
521 2717 641 2784 possunt
658 2713 745 2766 fuisse
764 2729 798 2766 ex
816 2711 1003 2766 Andromeda.

244 2841 309 2894 olim
326 2838 389 2892 loca
408 2855 460 2908 ego
479 2854 580 2906 aspera
599 2854 683 2892 saxea
701 2840 779 2890 tesca
797 2839 862 2890 tuor
880 2838 1030 2904 edideram,
1052 2853 1065 2891 c
1083 2839 1186 2907 quibas

174 2927 258 2964 saxea
277 2912 402 2966 debebam
418 2911 448 2964 0.
463 2909 606 2964 Mordere.
634 2909 682 2962 Aa
700 2907 789 2961 ardua
808 2925 876 2961 saxa
894 2924 993 2977 aspera
1007 2910 1085 2962 tesca
1099 2911 1184 2965 tuor?

653 3075 708 3132 XV

175 3225 399 3244 ........
421 3175 669 3264 dgeroppletus
691 3175 845 3240 imbrium

173 3285 318 3351 Fre‘mitu

245 3405 357 3459 Servius
375 3404 445 3460 Dan.
465 3403 496 3457 in
513 3403 597 3474 Verg.
617 3404 665 3459 Ge.
682 3404 742 3458 112
768 3403 958 3476 ‘frementem]
978 3404 1054 3472 quod
1072 3407 1183 3459 ueteres

174 3493 316 3530 murmura
338 3493 429 3544 aquae
452 3474 625 3530 fremitum
646 3475 785 3530 dicebant.
823 3475 943 3530 Ennius:
967 3476 1048 3545 ager’
1070 3491 1093 3530 e.
1112 3493 1139 3543 q.
1159 3493 1184 3532 s.

174 3548 211 3602 Et
228 3547 281 3600 hoc
300 3548 329 3600 et
347 3563 465 3614 sequens
484 3546 516 3600 fr.
536 3545 633 3600 referri
650 3549 745 3616 potest
764 3546 801 3600 ad
818 3546 1032 3600 Andromedam.
