2590 3890
152 131 195 196 62
566 130 597 196 Q,
616 129 753 186 ENNIVS

224 297 238 344 1
260 291 309 344 sed
326 297 420 346 atrum
434 291 526 346 Eemii
542 292 579 347 cit
596 307 636 346 aa
650 289 795 359 Ciceronis,
814 292 939 346 dubitari
947 298 1036 361 pateat
1082 297 1098 344 2
1112 295 1164 346 aut

151 362 253 432 insani,
272 361 374 431 quibus
393 361 573 417 Hermaeum
621 368 639 416 4
658 361 833 418 dracumam:
852 363 888 430 cf.
907 363 1053 418 Ritcchelii
1070 379 1163 432 opusc.

151 436 257 488 11468
272 451 325 504 sqq.
350 431 513 488 drachmam
535 432 613 488 Leia.
633 433 674 486 B¹
697 431 840 487 dracmam
857 434 900 489 uei
922 433 1068 502 dragmam
1084 446 1107 502 ψ

157 507 297 561 Versunc
316 521 373 560 acu
387 507 469 574 potui
485 506 554 559 mihi
567 506 733 574 peraccedere
750 505 786 560 ab
800 505 898 560 Bauio
912 507 1007 574 petiae
1018 506 1163 575 prioribus

151 579 313 632 adiwwtwa
344 594 426 646 quam
457 577 563 631 lectoria
594 575 714 630 alictiiue
741 577 855 630 weciuia
881 577 1025 644 confictum
1051 593 1106 632 ecee

152 647 334 702 drachumam
351 658 375 716 ψ
394 647 536 701 dracmam
554 647 596 703 vet
614 645 760 716 dragmam
778 647 857 702 Leid.
876 647 919 701 B¹
938 647 1034 702 Viae)

634 779 682 837 HI

78 875 80 883 ’
151 881 242 947 Mare
270 881 402 965 antiquo
430 878 548 944 audsuo
576 883 672 964 atque
700 879 786 944 euris
809 879 871 944 uti
894 883 1006 945 contra
1028 881 1163 946 utendis

789 987 881 1052 dabo.

221 1109 293 1164 Non.
313 1113 409 1178 506,1
430 1107 572 1162 ‘audibo
591 1125 641 1178 pro
660 1107 783 1164 audiam,
819 1108 926 1162 Ennius
945 1108 1160 1165 Telamone...'

222 1218 308 1283 atquc
326 1216 373 1269 Ba
390 1230 481 1282 neque
500 1235 522 1284 φ
580 1215 701 1269 utendos
719 1216 767 1271 Ba
820 1217 852 1269 tu
870 1215 912 1270 ibi
930 1232 953 1270 c.
972 1233 999 1270 u.
1019 1216 1087 1270 dato
1105 1235 1126 1272 a

633 1347 677 1406 IV

133 1545 135 1550 Ι
152 1447 264 1514 Scsscac
277 1453 390 1516 natum
399 1449 575 1536 ingenuum
584 1448 725 1535 Aiacem,
739 1449 793 1515 cui
802 1454 839 1515 tu
849 1450 1048 1516 obsidionem
1057 1473 1162 1535 paras.

220 1571 320 1626 Festus
342 1589 370 1652 p.
391 1577 442 1626 198
460 1571 497 1653 Μ
537 1569 894 1652 *8888818888888818
922 1571 1072 1627 dicendum
1099 1589 1162 1626 esse

150 1659 235 1711 quam
257 1642 399 1696 obsidium
422 1642 541 1697 admuat
563 1659 614 1697 nos
637 1644 801 1698 testimomc
825 1660 876 1697 suc
899 1642 1006 1697 Ennius
1030 1643 1061 1697 in
1078 1643 1162 1698 Tela-

151 1730 233 1769 mone
252 1731 337 1782 quom
356 1713 399 1768 ait
413 1759 418 1768 .
431 1759 436 1768 .
449 1715 466 1770 .’

639 1792 667 1849 V

149 1893 235 1960 Nam
262 1893 309 1959 ita
336 1893 418 1959 mihi
441 1893 624 1958 Telamdnis
650 1894 765 1980 patric,
793 1895 847 1958 aui
869 1892 967 1960 Aeaci
991 1897 1023 1959 et
1045 1895 1164 1980 procui

788 1998 877 2066 Iouis

98 2105 272 2178 280Grdtia
298 2110 398 2172 ecstet
425 2106 522 2192 atque
546 2106 609 2172 hcc
631 2106 741 2171 lumen
763 2107 934 2172 candidum
957 2107 1057 2172 claret
1078 2108 1161 2173 mihi

220 2228 293 2283 Non.
313 2232 356 2296 85,
371 2233 405 2281 23
426 2227 564 2298 ‘clarct,
584 2227 662 2282 clara
680 2228 746 2282 cst’
767 2227 817 2300 (sit
834 2232 864 2299 a)
884 2227 946 2282 ‘uel
965 2229 1072 2284 clareat
1086 2231 1140 2285 ...’

223 2340 236 2388 1
257 2334 305 2388 aui
327 2334 414 2389 Aeaci
436 2335 573 2406 Bequuce
595 2334 739 2403 atquefaci
757 2355 779 2390 ω
805 2337 891 2404 atque
913 2335 1000 2390 Aeaci
1023 2337 1162 2392 Vutleauc

150 2407 228 2462 acad.
243 2407 334 2462 Bercl.
348 2409 396 2462 rel.
412 2411 481 2462 1888
492 2424 521 2476 p.
536 2411 570 2461 32
579 2423 635 2478 sqq.
690 2412 706 2460 2
721 2408 811 2461 ecstet
823 2409 922 2477 scripsi
936 2409 1037 2477 (caroli.
1047 2407 1161 2477 XXXII)

150 2493 184 2532 ea
207 2480 251 2531 est
268 2498 290 2532 ω
313 2476 389 2532 adsit
410 2478 452 2534 uel
471 2478 626 2532 asteth
644 2493 704 2532 8888
724 2479 768 2532 est
791 2478 929 2532 Vahleauc
947 2480 1016 2534 miro
1034 2481 1161 2534 camnine

202 2548 272 2602 mihi
287 2548 394 2604 clareat
409 2549 513 2605 Oaicue
563 2551 725 2605 sententiam
738 2550 864 2621 iutelleyc
877 2551 962 2605 hunc:
975 2551 1017 2604 atu
1029 2551 1097 2604 mdrc‘
1111 2551 1162 2606 hcc

151 2621 242 2676 turrea
259 2628 330 2677 eacei
348 2628 428 2692 atque
446 2622 548 2677 clareat
565 2623 658 2692 cratia
675 2621 818 2677 maurum.
854 2623 890 2689 cf.
910 2637 963 2676 cce.
983 2637 1047 2677 com.
1067 2620 1114 2675 CX

513 2753 515 2759 ’
633 2753 676 2812 VI

149 2854 294 2920 Eandem
316 2876 368 2919 mc
391 2855 426 2918 in
448 2854 663 2938 suspicionem
686 2839 814 2918 §celeris
836 2853 973 2938 partiuit
994 2859 1094 2940 pater.

220 2967 293 3021 Non.
313 2971 374 3036 475,
390 2973 423 3021 25
444 2965 610 3036 ‘partiret
626 2983 678 3035 pro
695 2965 850 3035 partiretur
865 2967 918 3022 ...'

220 3065 251 3118 in
268 3080 313 3119 me
331 3065 428 3120 Deirio
445 3080 499 3134 mc,
517 3081 567 3120 cm.
587 3063 626 3134 in,
644 3064 679 3118 Η
684 3064 693 3095 ¹

625 3195 684 3256 VII

149 3300 254 3365 Derim
276 3321 328 3364 mc
350 3298 450 3364 sentit
472 3298 576 3364 facere
598 3299 714 3383 pictae,
737 3297 858 3363 ciuium
881 3300 993 3383 porcat
1015 3299 1127 3384 pudor.

220 3413 291 3467 Non.
314 3418 373 3480 180,
387 3419 404 3467 4
425 3411 559 3482 ‘parcet
577 3409 719 3482 significat
735 3409 867 3480 prohibet
882 3412 935 3466 ...'

222 3509 309 3565 sentit
323 3531 353 3580 ω,
368 3516 458 3566 tuetur
470 3510 607 3566 Vahlecue
616 3510 709 3565 Herm.
722 3515 764 3579 15,
774 3513 834 3577 260,
849 3527 926 3580 quem
939 3511 1050 3568 iuterim
1063 3525 1163 3581 sequor
1280 3569 1281 3574 χ
