2590 3890
552 159 606 216 CN.
626 158 785 213 Nsnvrvs

649 362 693 420 IV

167 462 347 529 Diabethra
374 465 408 528 in
430 462 566 549 pedibus
589 463 742 548 habebat,
770 464 838 526 erat
861 463 996 527 amictus
1020 463 1176 547 epicroca

239 585 327 640 Varro
346 586 381 640 de
399 585 418 640 1.
437 585 454 639 l.
474 585 526 638 VII
541 591 573 638 53
595 585 681 654 ‘apud
695 583 846 640 Naeuium:
865 582 915 637 risi
934 584 1056 654 egomet'
1072 600 1096 638 e.
1111 603 1138 653 q.
1155 603 1175 639 s.
1284 614 1285 649 r

168 689 202 696 -
223 655 326 712 ‘idern
346 656 507 711 diabathra’
529 673 551 710 e.
567 673 592 724 q.
609 673 628 709 s.
651 657 810 724 ‘utrumque
828 654 998 709 uocabulum
1016 654 1174 711 Graecum!

169 727 316 796 (ennium
334 731 360 799 χ)
397 727 431 783 cf.
450 727 533 780 Pauli
553 727 652 781 Festus
670 745 695 782 v.
719 726 869 780 diabathra
886 745 914 794 p.
935 732 969 780 74
1004 726 1045 780 De
1063 727 1176 782 Baccho

167 797 299 854 videntur
316 797 347 852 in
365 799 492 868 Lucurgo
512 797 589 852 dicta
608 814 675 853 esse.

237 904 357 974 pedibus
371 906 568 960 Rboloodeltos
586 903 740 974 pecudibus
755 927 776 959 ω
813 921 851 959 oo
868 903 1006 973 pedibus?
1025 905 1058 972 of.
1075 905 1176 961 Ploote'

167 976 250 1032 Most.
275 982 326 1030 402
357 977 441 1032 Titio.
465 981 513 1031 45:
545 983 641 1032 contre
672 977 753 1031 sentit
784 975 912 1046 Iabedsoy
943 977 1013 1030 totio
1041 977 1174 1050 laomor

162 1065 192 1116 p.
208 1052 261 1100 404
316 1047 433 1117 gerebat
451 1048 508 1115 fote
526 1049 574 1117 qut
588 1053 750 1117 proponeret
803 1049 832 1100 et
850 1049 912 1100 erat
929 1068 945 1117 χ

656 1231 684 1287 V

113 1353 146 1402 55
378 1333 413 1397 in
435 1337 561 1398 montes
584 1333 796 1419 <confragos>

236 1453 358 1508 Isidorus
379 1453 453 1523 Orig.
468 1453 532 1508 XIV
547 1459 571 1523 8,
587 1460 620 1507 27
641 1453 837 1524 ‘confrages
856 1453 931 1523 loca,
951 1453 981 1508 in
1000 1471 1072 1522 quae
1090 1456 1173 1510 undi-

165 1541 219 1593 que
247 1524 326 1579 uenti
354 1527 521 1579 concurrunt
544 1541 577 1578 ac
601 1541 661 1579 sese
683 1524 830 1594 frangunt,
856 1528 888 1579 ut
910 1525 1035 1580 Naeuius
1059 1526 1113 1582 ait:
1142 1527 1173 1580 in

164 1598 285 1666 montes,
318 1595 368 1650 ubi
400 1595 478 1650 uenti
504 1595 674 1666 frangebant
701 1595 812 1650 locum.’
855 1595 924 1650 item
952 1597 1037 1651 schol.
1065 1598 1173 1652 Lucani

164 1667 202 1722 VI
222 1673 272 1721 126
293 1667 484 1738 ‘confrage’

234 1773 264 1826 in
287 1792 323 1828 m.
349 1773 399 1826 ubi
422 1790 451 1828 se
470 1773 549 1828 uenti
567 1772 737 1842 frangebant
755 1772 810 1827 loci
829 1773 965 1844 Berytios
982 1791 1072 1844 opusc.
1091 1775 1171 1830 Isos

163 1847 193 1898 in
211 1847 333 1914 montes,
356 1847 448 1918 <caua
467 1843 616 1916 conualle>
639 1843 688 1898 ubi
711 1844 790 1898 uenti
813 1844 981 1914 frangebant
998 1845 1092 1900 locum
1109 1848 1173 1902 Bae

165 2113 402 2179 Circumuenire
425 2111 519 2177 uideo
543 2112 642 2176 ferme
665 2111 783 2176 iniuria

233 2235 322 2288 Varro
342 2233 376 2287 de
394 2233 412 2286 l.
428 2233 446 2287 1.
459 2233 511 2288 VH
526 2239 558 2286 92
573 2233 609 2286 M.
632 2233 718 2303 ‘apud
732 2233 887 2288 Naeuium.
900 2278 905 2289 .
918 2277 922 2288 .
934 2233 1038 2288 ferme
1057 2235 1169 2308 dicitur,
1285 2255 1286 2294 o

162 2305 238 2373 quod
256 2321 329 2358 nune
347 2304 425 2360 fera'

233 2411 339 2466 ciccum
356 2423 379 2481 ψ
415 2411 464 2465 Aa
482 2409 676 2465 circumueniri
695 2410 810 2466 uideor?

634 2597 693 2655 VH

163 2680 273 2747 Struix
296 2681 454 2747 malorum

232 2801 343 2856 Servius
371 2802 442 2858 Dan.
469 2801 500 2854 in
527 2803 594 2854 Aen.
620 2801 658 2854 IV
681 2806 732 2854 267
767 2798 896 2853 ‘exstruis
925 2815 942 2852 a
971 2799 1167 2859 struice

160 2871 285 2926 Naeuius
304 2872 479 2926 nominatius
499 2871 656 2941 singulari.
674 2916 679 2926 .
696 2873 713 2925 .’

628 3054 702 3113 VIH

159 3157 329 3225 Neminem
347 3156 428 3243 uidi,
447 3157 504 3242 qui
521 3177 655 3221 numero
674 3155 770 3220 sciret
789 3154 943 3240 quicquid
959 3157 1040 3221 scito
1061 3164 1166 3242 opust.

229 3278 328 3333 Festus
350 3296 377 3348 p.
398 3283 449 3334 170
468 3279 505 3334 M.
536 3279 687 3332 ‘numero
708 3319 759 3332 ...
779 3275 854 3345 apud
881 3275 1063 3333 Naeuium..
1081 3279 1121 3334 .i.
1142 3298 1165 3337 e.

158 3349 277 3404 nimium
295 3349 397 3405 sciret)
435 3350 566 3404 F01tasse
585 3347 746 3404 comoediae
765 3346 882 3400 debetur·
900 3345 927 3400 h.
947 3363 972 3401 r.

229 3472 357 3512 numero:
380 3458 415 3525 ef.
435 3458 524 3512 corolt.
544 3456 595 3510 XV
604 3473 641 3526 sq.
715 3452 847 3522 quicquid
865 3453 927 3507 Boe
945 3452 994 3520 qui
1012 3455 1088 3522 quod
1107 3460 1165 3516 eod.

195 3526 265 3582 seito
284 3527 405 3600 Scaliger
423 3527 477 3583 scit
495 3527 526 3582 in
544 3529 578 3598 (h.
594 3545 614 3582 e.
633 3526 735 3595 idest)
754 3526 810 3580 cod.
884 3539 953 3592 opus
972 3527 1029 3579 eod.
