2630 3886
338 121 387 175 EX
404 119 571 175 INCERTIS
589 120 829 175 INCERTORVM
847 121 999 177 FABVLIS
1106 123 1173 188 275

150 280 258 334 mentis
283 280 433 334 adfectae’
472 279 511 335 Cf.
535 280 662 334 Naekius
687 297 781 350 opusc.
804 282 893 336 1350.
931 281 976 334 Ad
998 281 1171 338 Cassandrae

152 351 298 406 canticum
317 351 393 420 quod
412 353 456 406 est
469 350 500 404 in
513 350 597 404 Ennii
612 351 772 406 Alexandro
787 351 897 407 rettuli:
916 352 950 406 of.
965 352 1030 406 hist.
1045 356 1117 423 trag.
1128 360 1171 410 91.

226 458 296 512 heus
315 466 355 514 ter
374 460 431 514 eod.
451 466 477 513 et
494 460 552 512 edd.

643 539 686 596 XI

150 637 331 722 Po'stquam
350 638 408 703 abs
426 642 472 724 te,
490 637 715 725 Agamemno,
734 643 771 702 dt
788 639 933 704 uenirem
952 640 1062 726 tetigit
1078 661 1171 705 aures

796 746 943 831 mintius,

148 832 338 918 'Extemplo

226 953 321 1008 Cicero
342 954 378 1007 ad
396 955 455 1008 Att.
474 955 539 1009 ΧΠΙ
553 963 586 1010 47
606 958 651 1024 (50
671 955 702 1010 Ο.
718 955 748 1010 Ε.
765 955 903 1025 Schmidt)
924 955 1168 1024 ‘Posteaquam

151 1025 278 1093 abste,
298 1025 514 1095 Agamemno,
533 1043 590 1080 non
609 1029 645 1080 ut
663 1027 871 1081 uenirem...
887 1027 937 1081 sed
956 1030 988 1080 ut
1007 1026 1166 1097 scriberem,

148 1095 279 1166 tetigit
297 1113 394 1150 aures
413 1097 567 1166 nuntius,
588 1098 758 1168 extemplo
776 1098 909 1152 instituta
929 1098 1023 1167 omisi;
1044 1115 1166 1167 eaquae

148 1167 184 1220 in
202 1167 334 1222 manibus
350 1167 499 1236 habebam,
518 1169 620 1236 abieci,
640 1169 716 1237 quod
734 1169 865 1237 iusseras,
884 1169 1017 1223 adolani’
1056 1173 1166 1240 (aures

153 1282 159 1292 .
175 1282 179 1292 .
191 1238 357 1292 instituta
372 1255 424 1294 om.
439 1239 522 1308 Med,
536 1258 591 1308 quo
606 1239 687 1294 nixus
704 1242 747 1294 ‘ut
761 1240 911 1295 scriberem
924 1239 1036 1310 pepigit
1046 1241 1164 1311 Oppius’

150 1309 225 1363 miro
244 1309 363 1364 artifieio
383 1309 555 1382 excogitavit
574 1311 604 1366 Ο.
621 1311 651 1364 Ε.
668 1311 858 1381 Schmidtius.)
886 1311 1061 1379 Tragoedias
1079 1313 1168 1367 verba

151 1380 272 1450 agnovit
290 1379 464 1435 Gulielmius.
502 1381 542 1440 (tf.
561 1382 650 1436 Varro
673 1382 703 1436 in
726 1383 848 1452 epistula
866 1382 921 1436 Iuli
941 1382 1068 1437 Caesaris
1091 1384 1167 1453 apud

150 1451 278 1505 Nonium
299 1470 326 1520 p.
346 1458 447 1520 263,3
471 1452 580 1522 (fragm.
599 1453 677 1508 Varr.
702 1473 729 1522 p.
749 1460 800 1508 259
819 1455 864 1520 R.)
894 1455 993 1522 ‘quem
1021 1454 1105 1507 simul
1133 1471 1167 1508 ao

150 1521 273 1576 Romam
299 1522 410 1576 uenisse
437 1522 508 1576 mihi
531 1524 656 1596 attigit
679 1525 771 1579 auris
794 1525 949 1594 nuntius,
978 1525 1167 1594 ‘Extemplo

149 1609 243 1647 meos
261 1593 297 1646 in
315 1593 523 1648 curriculum
541 1595 674 1650 contuli
692 1613 835 1666 propere
853 1597 978 1667 pedes’
1007 1597 1049 1649 Ex
1063 1596 1165 1665 quibus

150 1665 224 1718 haee
238 1667 364 1719 extrema
377 1682 450 1734 quae
464 1666 653 1736 septenarium
666 1667 840 1722 trochaicum
854 1668 968 1737 explent
978 1667 1008 1720 in
1017 1667 1166 1737 tragoedia

150 1753 180 1788 v.
197 1742 230 1788 23
249 1737 347 1790 secuta
365 1735 452 1791 fuisse
470 1740 552 1791 caute
572 1738 729 1808 suspicatus
744 1742 787 1793 est
800 1739 994 1794 Buechelerus.
1023 1739 1085 1808 Ipse
1099 1738 1168 1792 olim

150 1805 187 1860 fr.
208 1807 259 1860 XII
286 1806 323 1860 ad
351 1808 469 1862 eandem
496 1809 652 1864 orationem
678 1810 854 1864 referendum
881 1826 941 1864 esse
969 1809 1088 1879 oonieoi,
1117 1811 1167 1864 sed

153 1876 318 1932 Cioeronem
337 1881 412 1933 certe
429 1896 486 1934 non
503 1880 586 1950 plura
604 1899 689 1949 quam
707 1898 779 1950 qnae
797 1881 828 1935 in
845 1885 925 1936 textu
943 1881 1025 1952 posui
1044 1884 1073 1936 et
1091 1881 1167 1949 quod

150 1947 315 2002 Ennianum
334 1966 401 2003 sane
420 1953 463 2004 est
481 1951 620 2006 edolaui
640 1953 685 2021 (of.
704 1954 793 2008 Varro
812 1953 844 2009 fr.
860 1959 894 2007 59
908 1953 950 2022 B.)
970 1970 987 2007 a
1004 1955 1089 2022 poeta
1107 1969 1167 2007 mu·

151 2023 267 2074 tuatum
286 2037 347 2084 esse
365 2039 439 2074 nuno
458 2021 528 2076 mihi
546 2041 657 2092 quoque
675 2041 839 2094 persuasum
857 2027 907 2079 est.
937 2023 1063 2079 Contulit
1077 2024 1167 2078 Lade·

152 2090 234 2144 vicus
263 2107 297 2145 ex
321 2091 464 2162 Euripidis
487 2093 634 2164 Iphigenia
652 2113 677 2150 v.
694 2102 758 2150 633:
787 2091 808 2150 ὦ
836 2094 918 2167 σέβας
947 2091 1007 2165 ἐμοὶ
1051 2093 1166 2165 ε’γιστον,

147 2159 326 2286 ἴγῗμιὶμνων
346 2162 432 2231 ἄναξ,
445 2161 581 2234 Ἥκομεν,
601 2165 733 2237 ἐφετμαῖς
751 2168 987 2222 ostentaverat
1005 2170 1099 2222 σθεν.
1126 2165 1166 2221 Cf.

173 2233 218 2288 is.
251 2250 310 2303 rag.
332 2239 374 2287 98.

227 2345 241 2392 1
260 2341 448 2409 posteaquam
462 2340 513 2394 abs
527 2341 584 2410 ted,
599 2341 781 2411 Agamemno,
797 2342 894 2411 tetigit
907 2359 932 2397 a.
947 2361 973 2397 n.
991 2343 1167 2398 Gulielmius:

151 2411 296 2466 abhorrere
315 2413 349 2466 ab
370 2414 536 2482 antiquitate
553 2415 739 2481 posteaquam
756 2415 862 2468 monuit
880 2414 1045 2468 Rttsohetiua

629 2554 688 2612 XII

526 2655 689 2718 odnoitum
711 2656 810 2720 tetuli
829 2655 973 2742 gradum.
1166 2674 1200 2723 25

224 2773 366 2828 Charisius
385 2792 412 2855 p.
428 2779 479 2828 248
493 2774 522 2828 P.
562 2776 753 2844 ‘prothesis
781 2779 836 2847 est,
865 2794 929 2831 oum
953 2776 1061 2848 primae
1088 2779 1164 2848 parti

151 2844 285 2900 dictionis
309 2847 358 2898 aut
380 2843 477 2899 littera
498 2844 621 2900 adioitur
643 2850 693 2902 aut
716 2847 833 2918 syllaba.
874 2848 1026 2904 littera
1043 2849 1162 2919 syllaba,

151 2920 196 2971 ut:
220 2915 361 2971 concitum
384 2919 404 2970 t.
423 2935 450 2986 g.
469 2933 519 2986 pro
538 2917 611 2972 tuli.’
649 2919 798 2974 Diomedes
816 2938 843 2990 p.
858 2926 910 2974 435
924 2921 954 2976 P.
985 2919 1161 2990 ‘prosthesis’

151 2987 248 3056 (immo
279 2985 433 3056 ‘prothesis
441 2989 461 3056 ²)
495 2989 553 3042 ‘est
585 2990 726 3059 appositio
758 2991 897 3061 quaedam
929 2992 966 3045 ad
992 2990 1162 3114 principium

153 3057 293 3112 dictionis.
331 3057 444 3113 litterae
516 3059 656 3131 syllabae,
675 3065 719 3118 ut:
738 3062 879 3117 oonoitum
896 3064 916 3116 t.
936 3080 962 3131 g.
982 3079 1032 3131 pro
1051 3065 1082 3115 tu
1094 3061 1124 3116 i.'

622 3203 696 3261 XIH

150 3297 220 3364 Iam
244 3299 376 3365 domum
399 3301 532 3367 itionem
555 3303 646 3388 reges
669 3300 803 3367 Atridae
825 3307 947 3387 parant.

221 3421 304 3476 Rhet.
325 3421 361 3476 ad
379 3421 497 3477 Herenn.
517 3422 555 3476 III
569 3428 615 3490 21,
630 3428 665 3476 34
689 3424 769 3477 ‘oum
791 3424 940 3477 uerborum
960 3423 1159 3481 similitudines

150 3491 323 3564 imaginibus
352 3492 504 3562 exprimere
531 3492 669 3564 nolemus,
696 3493 760 3564 plus
788 3494 895 3564 negotii
923 3495 1106 3565 suscipiemus
1131 3501 1162 3552 et

949 3584 1001 3638 18*
