2618 3900
569 139 606 192 M.
625 137 805 194 PAOVVIVS

251 407 429 474 Martianus
454 405 582 491 Capella
604 306 736 474 111gi
767 407 857 472 ‘nem
885 406 1014 473 Setum
1044 407 1202 474 dicebant

176 537 281 600 ,quem
303 537 388 580 nunc
411 513 548 579 Zethum
571 514 701 578 dicunt?

256 635 415 690 Priscianus
433 653 460 704 p.
475 640 525 689 661
543 635 573 690 P.
613 636 651 688 ‘Y
667 638 696 690 et
717 639 737 690 Z
755 635 785 689 in
803 635 911 717 graecis
929 636 1124 690 tantummodo
1144 653 1202 707 po-

184 709 288 761 nuntur
315 705 499 775 dictionibus,
527 706 655 774 quemuis
683 706 713 760 in
736 707 833 761 multis
856 710 965 762 ueteres
988 707 1057 762 haec
1080 725 1200 776 quoque

185 781 309 832 mutasse
331 777 526 846 inueniuntur,
550 779 579 831 et
601 795 651 846 pro
674 781 699 831 Τ
714 777 748 846 V,
770 796 821 848 pro
842 783 863 832 Z
881 795 961 847 uero,
985 779 1060 846 quod
1077 795 1128 848 pro
1150 779 1200 834 sD

185 848 341 904 coniunctis
361 848 505 918 accipitur,
525 847 542 902 S
561 847 607 902 uel
621 848 659 903 SS
674 848 721 902 uel
734 849 759 902 D
777 849 915 947 posuisse.
931 852 980 904 ut.
992 893 996 903 .
1009 893 1014 903 .
1026 849 1200 919 Saguntum,
1288 857 1289 862 ’

184 938 281 1046 sisi
299 919 1201 1072 166212621116111121611111

185 1064 222 1117 sd
240 1063 392 1116 Pecuuum
415 1062 504 1116 viden
527 1079 539 1114 s
561 1063 653 1115 sotere
674 1065 784 1116 morunt
802 1062 996 1118 Fleckeisenus
1015 1062 1104 1133 Epist.
1129 1063 1198 1120 crit.

185 1135 223 1188 ad
240 1133 270 1186 F.
289 1132 475 1186 Ritschelium
492 1151 519 1202 p.
538 1080 602 1186 im

256 1203 404 1258 Praetereo
422 1202 589 1274 locupletari
607 1202 690 1256 huius
709 1203 823 1258 fabulae
842 1203 977 1272 reliquiae
995 1207 1115 1274 possunt
1134 1205 1198 1262 his:

185 1274 239 1328 inc.
255 1274 311 1328 feb.
327 1275 433 1330 I—VII.
448 1274 518 1344 LIII,
537 1273 590 1328 inc.
606 1273 659 1327 ino.
678 1273 735 1328 fab.
755 1274 836 1330 LXX.
856 1274 947 1330 CXIX.
968 1274 1046 1330 CXX.

485 1461 684 1520 ARMORVM
706 1459 894 1520 IVDICIVM

679 1586 694 1643 I

185 1737 271 1753 ....
295 1690 391 1772 se'que
415 1687 456 1751 od
477 1687 569 1751 ludos
593 1687 657 1750 iam
680 1685 754 1750 inde
778 1685 894 1749 abhinc
917 1687 1092 1750 exerceant.

256 1807 397 1863 Charisius
416 1828 443 1879 p.
460 1814 510 1862 175
524 1807 554 1862 Ρ.
575 1807 738 1861 ‘abhinc'

256 1929 370 1982 seseque
390 1915 568 1971 Hermiones

675 1993 706 2051 Π

185 2093 250 2170 Qus
270 2095 374 2180 uiget,
397 2095 544 2159 uescitur
567 2093 677 2179 ermis,
700 2092 735 2156 id
757 2092 912 2176 percipiat
934 2093 1121 2178 proemium.

255 2215 326 2270 Non.
337 2221 398 2283 416,
410 2221 423 2268 1
435 2214 550 2268 '‘uesci
565 2214 651 2268 etism
666 2213 807 2284 significat
820 2211 863 2267 uti
878 2257 883 2266 .
896 2258 900 2268 .
913 2257 918 2266 .
933 2213 1071 2268 Pacuuius
1087 2213 1201 2284 Chryse
1292 2211 1293 2220 ’

242 2285 317 2340 idem
335 2286 483 2340 Armorum
500 2285 605 2340 iudicio
621 2287 674 2340 ...’

255 2392 279 2448 it
299 2392 400 2462 Gne,
420 2395 492 2448 ccede
510 2391 540 2445 id
558 2410 578 2448 x
596 2393 667 2460 uto

185 2698 245 2712 ...
269 2647 325 2731 qui
347 2647 415 2710 se'se
439 2643 559 2708 adfines
582 2645 648 2708 e'sse
672 2643 712 2707 ad
735 2642 928 2707 esusanddm
950 2644 1077 2729 uolunt,

184 2752 233 2816 De'
255 2753 377 2816 uirtute
401 2752 428 2815 is
452 2753 511 2836 ego
535 2749 688 2814 cernundi
712 2747 751 2812 d6
774 2751 966 2832 potestatem
989 2751 1147 2816 omnibus.

255 2874 326 2927 Non.
347 2877 441 2940 69,11
473 2869 625 2925 ‘causari
650 2887 764 2924 causam
788 2869 879 2924 dicere
902 2869 948 2923 uel
972 2871 1120 2927 defendere
1136 2878 1195 2932 ...’

184 2945 262 2998 Idem
280 2949 388 3010 261,19
409 2943 562 2995 ‘cernere
580 2958 689 2994 rursum
708 2939 841 2995 dimicare
859 2940 906 2996 uel
924 2943 1091 2998 contendere
1106 2989 1112 3000 .
1125 2989 1130 2998 .
1143 2947 1161 2999 .’

256 3056 270 3104 1
291 3049 396 3102 adfines
415 3048 519 3102 Junius
537 3047 658 3100 adfinem
676 3050 720 3116 (se.
740 3047 777 3100 sd
795 3047 878 3102 finem
896 3048 967 3117 Bere)
986 3069 1007 3102 ω
1062 3056 1078 3104 2
1097 3051 1141 3104 his
1160 3054 1200 3109 H

180 3139 209 3191 p.
226 3126 260 3175 69
279 3123 308 3174 et
326 3141 347 3173 ω
363 3137 392 3188 p.
408 3124 458 3172 261
513 3120 684 3187 potestatem
702 3117 836 3172 cernundi
854 3119 890 3193 do
909 3118 1037 3173 omnibus
1057 3141 1078 3174 ω
1093 3140 1123 3192 p.
1139 3129 1193 3179 261

665 3286 709 3345 IV

132 3405 166 3454 26
184 3386 247 3468 'An
261 3389 333 3473 quis
348 3393 395 3453 est
410 3387 512 3472 quite
526 3408 592 3452 esse
608 3388 750 3474 dignum,
769 3385 898 3472 quicum
913 3392 1060 3475 certetur,
1077 3393 1195 3476 putet?

255 3509 326 3566 Non.
347 3515 406 3579 473,
423 3515 456 3562 14
476 3509 645 3564 ‘certetur
662 3527 713 3578 pro
733 3510 841 3564 certet)
