2624 3888
572 161 602 214 L.
622 159 748 215 ACCIVS
1100 159 1164 222 227

514 327 809 387 NEOPTOLEMVS

226 446 427 499 Nrorronnnvs
446 444 491 498 vel
509 443 711 498 Nnorrononvs
731 444 775 513 (cf,
794 444 826 498 fr.
846 444 893 498 ΠΙ.
912 444 956 510 V).

656 560 671 617 I

671 661 799 744 quidsi
823 683 862 724 ex
886 659 1019 724 Graecia

152 767 252 834 Omni
274 769 365 832 sslius
388 790 447 853 par
469 771 563 832 nemo
587 767 724 852 reperiri
743 767 872 852 potest?
1168 766 1221 815 465

226 890 299 946 Non.
319 896 411 958 601,2
432 889 631 960 ‘genetiuus
649 906 700 958 pro
719 888 837 942 datiuo.’

228 997 376 1067 lagrecia
394 997 433 1052 W
501 995 613 1050 numni
632 996 787 1050 Palmarias
806 1010 887 1049 omne
905 1015 926 1048 ω
994 993 1072 1048 illius
1091 995 1167 1050 Mer·

151 1087 231 1131 cerco
245 1068 327 1122 ilium
338 1067 429 1137 (illum
439 1068 496 1138 H1)
506 1089 527 1122 ω
577 1085 665 1122 anam
678 1069 862 1136 septenariam
871 1068 1031 1121 continauri
1038 1068 1097 1122 vult
1105 1067 1168 1121 Bae

644 1219 675 1276 ΙΙ

151 1320 245 1384 Haut
268 1320 439 1404 quisquam
461 1320 549 1404 potis
571 1324 620 1383 est
642 1319 780 1383 tolerare
802 1318 1022 1382 acritudinem.

225 1441 325 1494 Festus
344 1460 370 1510 p.
391 1445 443 1494 356
456 1441 494 1496 M.
525 1441 703 1510 ‘tolerare‚
722 1439 864 1510 patienter
882 1439 974 1494 ferre'

225 1547 297 1631 liant
315 1549 350 1602 A.
370 1548 546 1618 Augustinus
563 1550 595 1601 ia
612 1565 664 1618 my.
685 1549 735 1600 aut
753 1549 809 1602 cod.

638 1699 684 1757 HI

151 1800 215 1865 Vis
237 1801 384 1865 veritatis
407 1853 413 1864 .
434 1853 440 1864 .
460 1851 467 1865 .
491 1805 586 1884 atque
610 1801 726 1864 auritas

226 1922 298 1976 Nou.
322 1927 388 1989 493,
414 1928 446 1975 15
481 1922 645 1976 ‘auritas’
689 1921 946 1992 (Neoptolomeo
969 1922 1016 1992 W)
1058 1921 1166 1976 Gellius

152 1993 251 2047 xma
276 1992 366 2046 ‘sicut
389 1996 484 2046 autem
506 1992 578 2046 nihil
597 1991 748 2061 quicquam
766 1993 895 2062 interest,
915 1992 1068 2047 suauitudo
1088 1993 1166 2046 dicas

153 2082 193 2119 an
213 2063 352 2134 suauitas,
373 2063 532 2118 sanctitudo
552 2081 589 2117 an
608 2063 757 2134 sanctitas,
777 2063 942 2118 acerbitudo
961 2081 998 2118 an
1017 2063 1167 2132 acerbitas,

153 2135 284 2190 acritudo
308 2153 358 2204 an,
386 2135 462 2203 quod
484 2135 585 2189 Accius
608 2134 639 2188 in
661 2135 847 2205 Neoptolemo
871 2135 995 2205 scripsit,
1024 2135 1166 2190 acrites:

151 2207 196 2261 ita
220 2206 294 2260 nihil
317 2205 436 2304 rptionis
459 2205 515 2259 dici
537 2209 645 2276 potest,
669 2206 737 2274 quin
759 2205 937 2261 necessitudo
961 2210 990 2261 et
1011 2207 1167 2262 necessitas

153 2281 328 2348 separentur.

225 2383 356 2437 ueritatis
375 2383 419 2436 uis
439 2383 557 2460 Vossius.
598 2383 638 2451 Of.
658 2385 715 2440 Leo
733 2385 779 2439 Pl.
800 2385 833 2438 F.
854 2389 905 2438 286

637 2535 681 2592 IV

150 2637 230 2702 Vim
254 2637 420 2723 ferociam,
448 2637 591 2700 animum
614 2637 829 2721 atrocitatem,
852 2636 933 2699 iram
957 2635 1167 2710 acrimoniam

166 2780 170 2788 ·
224 2758 296 2812 Non.
309 2763 350 2826 73,
362 2763 396 2810 20
411 2745 616 2811 ‘acrimonia
631 2759 674 2810 est
688 2756 775 2810 animi
788 2757 944 2812 uiuacitas.
957 2801 962 2811 .
975 2757 992 2810 .’
1012 2758 1167 2826 (neopto-

151 2829 242 2884 lomo
255 2829 349 2882 Harl¹
362 2828 455 2882 Leia}
467 2828 687 2882 neobtolomo
701 2828 793 2882 Leid.¹
806 2828 1048 2898 neoptolomeo
1062 2827 1165 2897 Harl.¹)

224 2934 359 2989 ferociam
378 2934 465 2988 animi
483 2935 602 2990 Bothias

645 3032 673 3088 V

117 3143 123 3152 '
152 3133 240 3200 Satis
262 3135 328 3197 iam
352 3133 472 3196 dictum
492 3137 549 3218 est,
571 3135 675 3217 nequo
694 3155 753 3219 ego
772 3134 929 3198 errantiae
948 3134 1047 3198 a'nimi
1065 3155 1165 3218 praue

789 3239 1019 3326 morigerabor.

223 3361 296 3414 Non.
316 3365 381 3429 nol,
398 3365 430 3414 12
461 3362 569 3414 ‘error
596 3359 745 3414 masculini
773 3365 817 3414 est
843 3361 975 3431 generis.
992 3406 998 3416 .
1015 3361 1165 3416 ,feminini

150 3431 253 3486 Accius
272 3431 459 3501 Neoptolemo
475 3433 527 3486 ...’
549 3431 802 3501 (neoptholomo
821 3431 918 3487 Vrbin.
934 3434 997 3502 308)

224 3538 347 3593 errantia
365 3539 400 3592 H

951 3630 1003 3682 15*
