2624 3888
510 173 539 226 L.
558 173 685 228 ACCIVS
1040 169 1103 234 113

92 336 154 389 olim
172 336 343 390 senariorum
414 350 450 387 ne
472 332 568 401 quiete
587 354 609 387 ω
631 349 683 387 nec
702 331 751 400 qui
770 334 798 386 te
816 331 921 387 «Iunius
943 347 1034 400 neque
1052 331 1104 399 qui

92 407 119 459 te
133 407 195 460 Bue
249 405 346 459 inueni
359 406 394 459 H
442 403 551 458 hortari
564 404 644 474 piget
657 404 809 460 Scriverius
858 401 889 456 id
902 402 982 472 piget
995 403 1103 458 Alema

94 475 122 529 id
139 478 229 546 pudet
247 497 269 530 ω
583 555 611 612 V

94 655 250 722 Muliebre
273 657 452 743 ingenium,
474 655 674 741 prolubium,
698 655 822 720 occasio
842 705 916 718 ....
1105 640 1156 688 105

160 779 233 833 Non.
249 784 292 846 64,
306 783 323 832 8
344 777 554 849 ‘proludium
569 821 574 832 .
587 820 593 832 .
605 778 622 833 .’
1105 729 1156 778 1⁰6

162 884 325 955 prolubium
343 885 459 955 Iripur'ur
476 883 638 954 proluuium
656 903 677 938 ω

572 1034 615 1092 VI

464 1157 604 1219 namque
626 1138 663 1200 ut
687 1135 790 1199 dicam
813 1136 846 1198 te‘
869 1137 957 1199 metu

96 1240 160 1305 Aut
182 1243 340 1329 aeguitate
363 1242 513 1307 adiuuere
538 1240 697 1327 dubitare,
720 1241 800 1306 haut
822 1264 929 1307 meum
953 1245 1009 1306 est.

163 1364 233 1419 Non.
255 1369 319 1432 174,
335 1371 368 1417 22
398 1362 569 1433 ‘segnitas
595 1380 645 1432 pro
669 1362 799 1432 segnitia.
837 1363 938 1417 Accius
961 1362 1103 1417 Aeneadis

102 1434 227 1489 idem
244 1435 424 1490 Andromeda
439 1477 445 1489 .
458 1478 464 1489 .
476 1436 493 1490 .’

166 1548 178 1594 1
201 1541 323 1610 namque
350 1543 382 1594 ut
409 1543 438 1595 te
464 1543 541 1594 metu
564 1541 622 1595 Aut
646 1539 786 1610 aeguitate
809 1540 902 1594 dieam
921 1541 1032 1596 Vossius

100 1616 115 1663 1
142 1612 271 1666 adiuuere
303 1611 433 1666 dubitare
461 1613 559 1681 scripsi
586 1614 636 1665 aut
664 1611 795 1666 dubitare
823 1612 861 1666 W
885 1610 1053 1665 addubitare
1081 1631 1102 1678 φ

100 1681 172 1736 adire
198 1685 239 1740 vel
266 1683 379 1738 tardum
406 1681 536 1737 dubitare
559 1684 621 1737 Bae
649 1683 803 1737 adductum
825 1683 851 1737 d.
879 1683 981 1738 Ouioru
1053 1684 1103 1736 aut

102 1769 187 1807 meum
205 1755 267 1808 HL
285 1754 362 1809 haud
379 1771 473 1808 meum
492 1775 513 1822 φ

568 1850 627 1909 VII

104 1948 191 2016 Muri
212 1954 333 2038 iniquo,
356 1953 480 2038 mulier,
503 1954 610 2018 animo
629 1952 693 2017 sr'bi
711 1953 796 2017 mala
814 1975 930 2018 auxere
948 1952 984 2016 1'11
1001 1952 1103 2038 malie,

106 2055 218 2132 Quibus
231 2063 347 2124 natura
360 2061 460 2144 prdua
473 2059 577 2146 magis
591 2059 1156 2143 quamfdrsautfortuuadbfuit.110

166 2180 235 2235 Non.
250 2186 311 2249 425,
328 2187 359 2234 11
381 2179 467 2234 ‘fors
484 2183 517 2234 et
530 2179 670 2235 fortuna
685 2180 738 2234 hoe
752 2180 873 2238 distant:
892 2181 949 2235 fors
965 2183 1008 2236 est
1022 2198 1103 2235 carus

106 2249 269 2321 temporalis,
288 2251 403 2306 fortuna
421 2251 474 2306 dea
494 2253 538 2305 est
555 2250 625 2320 ipsa.
662 2251 764 2306 Accius
783 2252 972 2322 Astyanacte.
989 2297 1012 2307 ..
1028 2252 1104 2307 idem

34 2377 38 2386 Δ
107 2319 294 2378 Andromeda.
306 2367 311 2378 .
323 2324 341 2378 .'

168 2428 297 2498 liniquo
324 2430 429 2483 Julius
454 2428 485 2481 in
512 2445 567 2497 quo
591 2449 612 2482 ω
685 2446 786 2484 auxere
816 2431 978 2486 Gulielmius
1006 2446 1103 2484 ansere

106 2495 222 2563 11111111
240 2501 286 2570 Η)
305 2521 326 2554 ω

560 2579 635 2638 VIII

108 2674 213 2744 Misera
236 2679 365 2746 obualla
387 2681 464 2745 saxo
487 2683 593 2766 sento,
614 2680 751 2764 paedore
775 2681 913 2766 alguque
936 2682 969 2743 11
991 2680 1075 2744 fame

166 2801 235 2856 Non.
252 2806 325 2872 717
347 2801 443 2872 ‘algu
461 2818 511 2871 pro
531 2801 647 2872 algore?

166 2908 265 2963 misere
288 2910 406 2964 Botlr'ur
482 2907 629 2962 obualluta
647 2909 744 2964 Delrio
767 2907 896 2963 obuallas
915 2909 1033 2964 Bellias

106 2977 175 3031 senio
192 3001 222 3049 ω,
237 2981 315 3050 prob.
336 2981 397 3034 Bur
451 2979 557 3048 pudore
577 2980 616 3035 W

576 3130 619 3188 IX

108 3221 163 3299 Qui
185 3252 286 3316 neque
314 3234 449 3296 terraest
476 3231 582 3316 datus,
609 3253 667 3296 1111
695 3231 810 3296 cineris
834 3236 928 3296 eausa
950 3253 1104 3317 umquam

732 3341 835 3404 euasit
858 3360 967 3423 uapor.

168 3455 361 3528 11111.487,10
382 3460 503 3530 ‘uapor
521 3463 554 3515 et
572 3476 677 3530 uapor
694 3460 747 3515 ...'

169 3565 285 3620 terraest
304 3567 459 3621 Beterrae
479 3569 561 3637 111φ
