2630 3886
278 121 327 174 EX
345 120 512 175 INCERTIS
531 121 770 175 INGERTORVM
788 122 954 176 FABVLIS'
1049 123 1114 187 283

99 280 273 336 ammalibus
296 280 434 336 inanima:
458 280 564 334 ferro’
585 297 608 334 e.
628 298 653 348 q.
675 298 695 334 s.
733 280 845 350 Tragici
868 298 979 336 versum
998 283 1115 352 agnovit

99 353 242 419 Muretus,
266 355 295 406 et
314 350 383 406 satis
402 352 523 420 quadrat
542 368 575 405 ex
594 351 740 421 Sophoclis
759 351 918 406 Philocteta
935 352 1115 422 Neoptolemi

101 425 137 478 de
160 422 272 478 Achille
296 422 402 476 dictum
426 440 451 477 v..
472 427 525 476 334
547 420 686 490 τέθνηκεν
709 422 813 490 ἀνδρὸς
836 423 964 491 οὐδενὸς,
992 428 1064 478 θεοῦ
1084 423 1112 478 δ’

99 493 157 550 ὕπο
168 516 192 549 a.
203 515 226 548 r.
237 497 269 563 t,
285 496 317 548 ut
332 494 369 548 ad
378 493 457 548 Accii
467 493 656 548 Philoctetam
669 494 740 548 haec
753 493 940 562 probabiliter
949 494 1113 550 referantur.

173 601 267 654 ferron
291 617 328 655 an
351 599 412 654 fato
435 601 497 655 Bae
520 600 592 654 ferro
616 617 653 653 an
675 599 735 653 fato
756 601 855 655 Bamb.
878 600 951 654 ferro
974 617 1031 654 non
1053 601 1113 655 fato

99 673 225 728 Ambos.
242 672 354 727 Morene.
369 673 468 726 Bomb.
483 678 549 726 Μ
568 670 641 725 ferro
660 687 733 724 anne
751 670 811 725 fato
826 671 955 728 Marciae
970 671 1039 740 fato,
1057 689 1114 726 non

99 744 174 798 ferro
204 744 380 811 adfirmative
407 745 542 798 secontia
569 744 633 797 olim
660 744 805 797 edideram.
862 759 987 796 emoerus
1015 744 1113 799 Bacch.

99 821 167 870 nae
188 814 252 868 enio
272 814 331 868 eius
351 815 463 869 Moneo.
530 830 630 883 argum
648 814 771 869 Ambroe.

545 964 671 1022 XXXVI

99 1064 225 1130 Tetuh't
248 1065 357 1129 senilis
380 1064 481 1128 Poe‘as
505 1065 545 1128 ad
568 1065 691 1129 oachim
714 1088 836 1129 manua.
1116 1085 1148 1133 70

175 1185 291 1255 Pompei
310 1189 498 1239 commentum
513 1185 588 1240 CGL.
603 1186 629 1240 V
642 1205 669 1255 p.
685 1191 736 1240 296
751 1186 783 1240 Κ.
805 1187 925 1256 ‘figurae
944 1187 1015 1240 fiunt
1029 1204 1114 1241 causa

101 1261 219 1312 omatus
236 1259 374 1326 ...putaz
400 1257 723 1313 tetulit...manus.
761 1257 885 1311 tetulit
907 1275 957 1327 pro
981 1275 1014 1312 eo
1037 1259 1113 1326 quod

101 1332 146 1383 est
168 1327 245 1382 tulit.
275 1329 371 1382 stabat
393 1327 443 1382 ille
465 1345 562 1381 uersus
586 1345 623 1381 an
644 1337 719 1382 non?
747 1327 771 1381 si
793 1328 887 1397 potuit
910 1331 984 1382 stare
1008 1346 1112 1398 uersus,

100 1402 185 1470 puta:
209 1398 295 1452 tulit
310 1442 315 1452 .
328 1442 332 1452 .
346 1443 351 1453 .
366 1416 496 1466 manus,
520 1402 550 1453 et
572 1397 620 1452 ille
639 1398 740 1452 maluit
759 1398 850 1453 dicere
869 1399 992 1454 tetulit
1009 1417 1060 1468 pro
1080 1417 1112 1454 eo

102 1471 179 1540 quod
203 1473 247 1524 est
269 1469 348 1537 tulit,
372 1471 491 1540 figuram
513 1469 593 1536 fecit,
616 1469 713 1523 idest
736 1470 867 1525 schema!
906 1469 1049 1524 Consentii
1068 1488 1112 1524 ars

100 1542 173 1597 ibid.
193 1561 220 1612 p.
236 1546 288 1595 387
309 1541 463 1610 ‘prothesis
482 1543 526 1595 eet
544 1541 684 1610 syllabae:
703 1541 882 1596 tetulit...
897 1558 1021 1596 manus.
1041 1541 1114 1595 dixit

101 1613 177 1668 enim
202 1611 327 1667 tetulit
343 1630 394 1682 pro
413 1629 446 1666 eo
465 1612 541 1680 quod
560 1615 603 1666 est
620 1611 707 1667 tulit.’
744 1612 823 1666 Accii
841 1612 997 1666 Heraclidis
1016 1612 1112 1667 tribui.

173 1718 256 1773 senili
275 1719 366 1774 Paria.
387 1717 503 1773 Gsinili
521 1719 611 1774 Berol.
631 1719 744 1788 Pompei
796 1719 885 1773 Poeas
903 1719 1114 1774 Diademaaaus

99 1794 201 1862 poetas
226 1791 316 1845 Paris.
337 1790 468 1844 CBerol.
491 1792 577 1858 poeta
599 1790 703 1846 Parios.
722 1790 784 1843 BP
804 1791 891 1860 (infra
912 1793 1011 1860 poetas
1031 1791 1111 1846 Parc.

98 1863 158 1918 Ro
174 1863 278 1931 Berol.)
297 1861 410 1930 Pompei
427 1859 516 1914 hostis
537 1861 697 1916 Consentiae

534 1993 676 2052 XXXVII

97 2095 269 2161 Nocturno
293 2094 382 2158 aditu
406 2095 531 2159 occulta
553 2067 703 2159 coluntur

146 2199 357 2266 Silue‘stribus
379 2201 529 2284 saepibus
552 2201 657 2266 densa.

173 2321 268 2376 Cicero
283 2322 318 2375 de
332 2324 389 2376 nat.
406 2322 480 2376 deor.
495 2321 508 2374 I
522 2328 565 2389 42,
583 2327 632 2374 119
649 2321 761 2376 ‘omitto
775 2321 968 2376 Eleusinem..
982 2368 986 2378 .
999 2323 1112 2394 [XXVI]

99 2396 248 2464 praetereo
263 2392 486 2447 Samothraciam
500 2408 589 2460 eaque
603 2409 676 2460 quae
689 2392 806 2447 Lemni
819 2395 1002 2446 nocturno’
1019 2410 1041 2448 e.
1053 2411 1078 2461 q.
1090 2412 1111 2447 s.

100 2463 216 2533 ‘quibus
231 2463 377 2532 explicatis
393 2464 430 2517 ad
443 2463 637 2532 rationemque
651 2463 791 2518 reuocatis
804 2479 897 2518 rerum
910 2463 1001 2534 magis
1010 2467 1113 2518 natura

100 2535 281 2604 cognoscitur
304 2552 389 2603 quam
412 2535 546 2589 deorum)
585 2535 664 2588 Accii
682 2534 858 2589 Philoctetae
875 2537 941 2604 post
959 2553 984 2588 v.
1000 2540 1051 2589 528
1070 2533 1112 2588 in-

101 2607 221 2661 serenda
239 2622 300 2660 esse
318 2605 449 2660 viderunt
467 2605 495 2660 C.
515 2605 598 2660 Beier
616 2609 645 2661 et
663 2605 695 2661 G.
715 2606 899 2660 Hermannus.

528 2739 685 2798 XXXVIII

96 2838 232 2904 'Adsum
261 2843 357 2923 atque
386 2839 521 2904 aduenio
545 2837 738 2904 'Acherunte
766 2839 823 2904 uix
849 2841 904 2904 uia
929 2839 994 2903 alta
1017 2843 1112 2923 atque

737 2946 849 3032 ardua,

96 3053 161 3118 Pe'r
183 3051 352 3136 speluncas
375 3053 462 3117 saxis
485 3056 623 3117 structas
645 3053 766 3138 asperis
788 3051 1002 3136 pendentibus

96 3159 274 3243 Maxuma,
296 3157 355 3222 ubi
377 3158 483 3244 rigida
505 3163 631 3223 constat
654 3160 761 3223 cra‘ssa
783 3160 887 3246 caligo
911 3159 1059 3224 inferum.
1116 3178 1147 3226 75

169 3280 319 3334 XXXVIII.
338 3279 454 3334 XXXIX
477 3278 572 3334 Cicero
596 3279 678 3333 Tuae.
702 3279 772 3349 disp.
792 3280 866 3349 116,
881 3285 914 3334 37
943 3279 988 3333 ‘in
1010 3283 1114 3334 terram

98 3352 174 3407 enim
192 3350 360 3406 cadentibus
379 3349 542 3420 corporibus
561 3349 657 3418 eisque
676 3351 761 3405 humo
780 3350 876 3419 tectis,
898 3367 913 3404 e
932 3369 987 3419 quo
1006 3351 1114 3406 dictum

98 3427 142 3479 est
169 3421 316 3489 humari,
345 3421 397 3475 sub
422 3425 497 3476 terra
520 3421 674 3475 censebant
696 3421 834 3489 reliquam
857 3421 947 3475 uitam
971 3422 1018 3493 agi
1040 3440 1113 3478 mor-

96 3499 218 3550 tuorum.
245 3510 331 3562 quam
349 3509 444 3547 eorum
463 3491 624 3562 opinionem
641 3491 738 3562 magni
757 3509 861 3547 errores
881 3493 1112 3564 consecutiam,
