2630 3886
308 141 358 194 EX
375 141 542 196 INCERTIS
560 141 800 196 INOERTORVM
818 142 970 196 FABVLIS
1085 143 1150 206 293

209 299 351 355 Charisius
369 319 396 369 p.
413 307 464 355 264
478 301 508 355 P.
540 302 604 370 ‘per
626 301 812 356 transitum
836 301 896 355 siue
914 301 1150 356 transmutatione

134 388 331 441 personarum,
354 389 416 425 cum
436 389 453 425 a
471 375 569 426 nostra
589 373 625 426 ad
644 372 763 426 alteram
781 372 932 426 transimus
952 376 981 427 et
998 389 1048 442 ρετ
1070 373 1151 427 illam

134 443 369 513 transfigurantes
401 443 477 511 quod
508 443 638 496 uolumus
671 443 847 513 retinemus„
868 447 914 499 ut:
947 444 1148 513 Thesprote’

136 531 159 568 e.
180 532 205 582 q.
226 532 247 568 s.
277 513 340 568 ‘hio
359 531 376 567 a
395 531 447 568 sua
464 516 595 583 persona'
616 518 686 583 (sua
705 515 853 583 om..cod.,
874 514 984 570 addidi:
1003 532 1151 584 persona

136 602 170 639 ex
188 585 239 639 illo
259 602 319 638 sua
336 588 436 639 natum
451 601 511 639 esse
524 589 608 654 putat
623 585 820 656 Buechelerus)
841 585 887 638 ‘in
902 585 989 640 aliam
1001 603 1151 655 personam

135 656 261 726 transiit,
274 659 307 710 ut
320 659 455 726 argutans
469 656 613 726 perillam
627 657 795 725 ostenderet,
809 657 878 725 quid
886 657 976 711 uellet
984 657 1148 726 increpare.²

135 727 177 781 De
195 731 315 795 utroque
332 727 366 781 fr.
385 728 460 781 LXV
479 730 508 781 et
525 728 611 782 LXVI
629 727 689 781 dixi
706 727 737 782 in
755 727 820 782 hist.
840 731 912 798 trag.
930 747 958 798 p.
980 735 1031 783 628
1042 746 1082 797 sq.

208 840 224 887 2
244 851 307 888 aras
332 833 472 887 sacrificas
495 836 620 903 supplevi
641 851 718 887 arass
736 836 768 888 ia
784 836 839 902 fiae
856 852 949 890 uersas
967 837 1023 890 cod.
1088 852 1158 888 aras·

137 921 249 958 sacrare
272 921 389 966 sacram,
403 907 443 959 ed.
464 908 556 974 princ.
582 922 762 978 arassacras
786 909 927 960 sacratarn
952 906 1065 962 Grotius
1088 923 1151 960 aras

138 993 248 1030 sacram
272 993 365 1029 sacras
388 977 507 1031 Bothtus
531 993 595 1030 aras
619 976 757 1046 sacrilega
775 994 860 1031 manu
882 977 1099 1032 OFWMueller

138 1053 155 1100 3
175 1047 327 1100 dubiumne
352 1064 389 1100 an
411 1050 510 1117 acrr'pa'
533 1047 650 1100 dubium
673 1065 710 1101 an
733 1050 790 1103 eod.
815 1047 967 1102 dubiumne
990 1048 1020 1101 id
1041 1049 1154 1104 Grotius

139 1118 203 1172 fuat
222 1119 370 1174 Fabricius
388 1118 439 1172 fiat
457 1121 514 1174 cod.
535 1118 589 1172 siet
607 1120 755 1173 Potentius

595 1267 692 1327 LXVI

608 1369 671 1432 rite
694 1368 910 1453 Thesprotum
932 1370 1032 1454 pudet

139 1475 247 1561 Atrei,
271 1476 358 1560 quod
380 1476 449 1560 ipse
473 1497 491 1539 a
514 1473 649 1538 Tantalo
674 1474 769 1538 ducat
790 1497 900 1561 genus.

212 1597 354 1651 Charisius
382 1615 409 1666 p.
430 1601 481 1650 247
505 1597 535 1650 P.
574 1597 780 1649 ‘sarcasmos
814 1599 857 1651 est
885 1596 1037 1667 allegoriae
1064 1597 1154 1667 figura

139 1667 286 1722 deridendi
305 1686 391 1722 causa
409 1668 488 1736 ficta,
513 1670 557 1722 ut:
582 1665 650 1720 rite
665 1709 671 1720 .
684 1711 688 1720 .
701 1709 707 1720 .
722 1683 840 1736 genus3
859 1684 908 1737 per
926 1669 979 1722 hoo
999 1668 1073 1722 enim
1090 1669 1154 1722 uult

138 1739 277 1810 intellegi,
297 1739 452 1810 ignobilem
471 1756 531 1794 esse
550 1738 756 1807 Thesprotum!

216 1852 229 1899 1
250 1847 339 1916 pudet
359 1846 472 1900 Grotius
489 1845 597 1915 pudeat
610 1847 698 1914 Noap.
718 1853 744 1901 et
761 1863 816 1901 exc.
832 1846 910 1900 Laid.
966 1852 981 1899 2
1000 1845 1079 1900 Atrei
1092 1847 1154 1900 Boe
1188 1833 1189 1838 ἵ

140 1917 183 1972 rei
207 1919 296 1987 Neup.
321 1935 375 1973 esc.
395 1917 474 1972 Laid.
499 1916 595 1987 generi
613 1919 778 1973 conteteram
850 1917 1032 1986 quodNeap.
1053 1935 1078 1985 q.
1098 1935 1153 1973 cuo.

140 1990 220 2044 Laid.
286 1989 323 2042 ad
341 2006 397 2043 eac.
417 1988 495 2043 Laid.
515 1991 564 2058 (aa
582 1989 618 2042 ab
626 1993 649 2058 1)
705 1988 791 2042 ducat
809 1989 898 2059 Neap.
918 1988 983 2043 duoi
1001 2007 1055 2044 eac.
1075 1988 1154 2044 Letd.

140 2061 240 2113 ductat
258 2061 377 2114 Bothius
396 2058 474 2112 ducit
493 2059 602 2114 Kellios
680 2063 682 2066 ’
889 2107 891 2112 .

592 2191 705 2250 LXVH

144 2292 254 2357 ‘Erras
279 2313 378 2356 erras:
405 2313 480 2354 narn
504 2291 700 2355 exultantem
723 2295 756 2356 te
779 2294 811 2356 et
833 2293 1062 2376 praefidentem
1084 2293 1146 2356 tibi
1157 2250 1207 2358 iat

142 2399 335 2484 Re'priment
361 2397 486 2461 ualidae
513 2395 622 2483 legum
644 2397 787 2462 habenae
814 2402 910 2482 atque
933 2398 1049 2483 imperi
1071 2400 1147 2462 insi·

782 2507 869 2569 ste'nt
891 2505 977 2591 iugo.

214 2627 309 2682 Cicero
330 2626 364 2679 de
379 2628 453 2680 orat.
469 2626 508 2678 HI
521 2632 564 2694 41,
581 2632 631 2678 166
652 2627 728 2678 ‘nam
747 2625 826 2696 illud,
846 2626 922 2694 quod
939 2642 973 2679 ex
986 2625 1039 2678 hoo
1054 2641 1155 2695 genere

142 2698 267 2770 profluit,
286 2714 343 2750 non
362 2699 406 2750 est
423 2696 454 2749 in
471 2713 527 2750 uno
546 2697 632 2750 uerbo
650 2696 802 2764 translato,
822 2697 871 2751 sed
890 2696 1069 2766 expluribus
1089 2713 1155 2750 con-

141 2769 263 2826 tinuatis
288 2767 456 2836 conectitur,
481 2770 513 2820 ut
537 2767 615 2821 aliud
634 2767 756 2836 dicatur,
780 2767 859 2822 aliud
877 2767 1099 2838 intellegendum
1118 2767 1155 2821 sit
1247 2805 1251 2817 .

143 2841 288 2913 [Lxxivp
331 2842 416 2906 atque
444 2837 528 2893 illud:
558 2855 650 2892 erras
679 2841 786 2892 erras’
816 2856 839 2895 e.
859 2857 885 2908 q.
906 2857 926 2894 s.
970 2840 1098 2908 ‘sumpta
1124 2854 1155 2892 τε

143 2911 230 2966 simili
253 2910 341 2964 uerba
364 2909 423 2963 eius
447 2909 488 2963 rei
511 2910 624 2980 propria
643 2909 774 2979 deinceps
793 2909 824 2964 in
841 2927 900 2965 rem
919 2909 1017 2979 aliam,
1036 2913 1069 2963 ut
1087 2908 1154 2978 dixi,

141 2981 368 3038 transferuntur.’
405 2981 493 3034 Iulius
512 2981 609 3036 Victor
631 2981 661 3034 in
679 2981 763 3036 rhett.
782 2981 856 3036 Latt.
875 3001 902 3051 p.
917 2987 970 3035 432
985 2981 1018 3035 Η.
1049 2983 1155 3034 ‘trans-

141 3055 235 3109 latio.
253 3097 258 3107 .
276 3055 329 3107 .ut
357 3051 436 3105 aliud
463 3051 540 3106 dicas
568 3056 598 3106 et
625 3052 704 3106 aliud
730 3052 952 3124 intellegendum
979 3051 1029 3121 sit,
1056 3055 1089 3106 ut
1112 3053 1156 3105 est

143 3125 279 3197 [LXXIV]
308 3126 337 3177 et
363 3122 501 3192 imperii
528 3122 697 3177 insistent
723 3123 810 3193 iugo'
848 3123 926 3178 Accii
952 3123 1155 3177 Clutemestrae

141 3196 230 3251 tribui
250 3195 321 3250 conl.
341 3194 440 3248 Aesch.
459 3195 511 3263 Ag.
528 3201 597 3248 1610
611 3195 645 3249 Η.
665 3195 727 3248 Son.
747 3195 798 3264 Ag.
815 3201 874 3250 964.

215 3308 228 3355 1
249 3317 324 3355 erras
343 3302 421 3355 semel
439 3317 489 3354 om.
504 3300 567 3354 Erl.
582 3300 695 3355 Atripe.
715 3302 859 3355 camullia
911 3317 978 3352 nam
997 3302 1026 3353 et
1039 3299 1154 3354 uidente

141 3377 171 3428 te
196 3376 225 3428 et
247 3371 419 3442 praesidente
444 3369 632 3440 (praesidente
655 3372 716 3426 Eri.
737 3373 752 3426 b
776 3370 953 3440 praesidente
973 3371 1034 3426 Pal.
1057 3371 1154 3440 ottob.)

141 3444 196 3498 tibi
211 3446 325 3500 natac.
340 3443 401 3498 Erl.
418 3443 509 3496 bPul.
528 3442 579 3496 Ort.
599 3459 665 3496 nam
684 3445 713 3496 et
731 3441 846 3496 uidente
866 3445 895 3496 et
907 3441 1085 3511 praesidente
1099 3441 1155 3496 tibi

141 3517 205 3572 Eri.
222 3535 241 3570 o
294 3513 449 3568 uiolentam
467 3515 498 3568 ta
517 3514 566 3568 illo
584 3512 699 3567 uidente
718 3515 800 3570 latere
819 3515 926 3570 or'detur
944 3514 1108 3570 Buechelero
