2624 3888
576 155 605 208 L.
626 153 752 210 ACCIVS
1107 157 1169 221 165

643 322 687 381 VI

158 421 224 487 Sed
245 423 303 487 nbi
326 423 485 488 adfinem
508 426 642 488 ne‘ntum
665 427 714 488 est
737 447 800 508 quo
824 425 917 489 illum
940 425 1007 490 fers
1025 430 1169 512 expecta-

797 531 854 595 bat
876 531 947 596 loco

153 636 276 722 'Atque
308 635 453 703 Orestem
489 639 598 724 gra'uis
634 638 780 703 saeerdos
816 639 901 703 fe‘rro
933 584 1083 724 p'rompto
1116 639 1168 703 ad·
1187 653 1221 702 55

228 829 301 884 Non,
321 835 430 899 315,10
451 831 583 901 ,μηθ’
603 830 705 886 triste)
797 749 947 810 atltuerat

229 945 244 990 1
264 937 362 990 fanum
376 938 491 1008 Lipsius
545 954 600 1006 quo
622 938 738 994 Guietus
756 937 786 992 in
804 955 860 1007 quo
875 961 896 993 ω
950 945 965 993 2
985 939 1077 1008 adque
1095 940 1129 1007 (t.
1145 956 1166 993 e.

154 1011 254 1078 atque)
269 1008 295 1062 L
314 1008 351 1062 ad
365 1025 448 1077 quem
464 1009 503 1064 W
518 1011 632 1076 atquem
646 1009 681 1062 H
732 1008 858 1064 Orestem
871 1011 1037 1066 Bitschelias
1055 1009 1167 1064 Orestes

154 1101 187 1149 ιο,
203 1087 296 1136 taetus
309 1080 371 1134 Bue
384 1087 568 1135 mactatarum
582 1081 736 1150 Erspoaam
752 1083 907 1153 intelteysss
922 1081 1039 1136 Oresten
1054 1082 1168 1136 Grotius

156 1150 269 1206 Orestei
284 1153 325 1206 vel
344 1150 460 1205 Orestae
474 1169 494 1206 a
548 1150 620 1204 ferro
640 1168 702 1205 eum
720 1155 830 1222 promto
847 1153 960 1208 Grotius
1014 1153 1167 1208 adstituere

153 1235 180 1293 ψ
200 1221 343 1276 adtituere
363 1221 439 1276 sistit
457 1223 489 1277 Η
506 1221 621 1276 adsistit
639 1223 700 1277 BG
719 1223 832 1278 adstitit
851 1225 965 1280 Grotius

633 1355 692 1414 VH

152 1455 284 1542 <Nam>
312 1457 507 1541 quamquam
536 1462 711 1543 exanguest
738 1459 853 1542 etrpus
880 1458 926 1521 mi
954 1461 1050 1541 atque
1075 1457 1167 1521 annis

227 1648 299 1703 Non.
320 1654 379 1718 159,
395 1655 428 1702 19
450 1650 582 1719 ‘putret
597 1695 602 1704 .
615 1695 620 1706 .
632 1651 649 1704 .’
795 1567 905 1648 pumt

225 1771 293 1808 nam
319 1756 496 1825 Bitschetius,
525 1774 575 1812 om.
599 1777 620 1810 ω
699 1759 741 1810 est
769 1772 909 1827 exsangue
937 1757 1056 1811 Bothius
1127 1755 1167 1808 mi

155 1827 277 1882 Botsius
295 1825 366 1880 mihi
384 1848 405 1881 ω
944 1845 946 1850 ·

568 1907 757 1967 ALGESTIS

156 2023 240 2088 Cum
263 2025 414 2089 strideret
436 2027 574 2090 retracta
597 2049 707 2091 rursus
729 2026 841 2091 inferis

225 2134 386 2190 Priscianus
413 2156 439 2208 p.
465 2143 516 2192 867
538 2139 568 2194 Ρ.
607 2139 753 2193 ‘strideo
782 2156 893 2208 quoque
920 2137 1002 2192 stridi
1029 2137 1100 2192 facit
1115 2182 1120 2192 .
1137 2182 1164 2193 ..

150 2207 164 2260 i
198 2209 294 2260 autem
325 2210 385 2261 tam
416 2209 447 2262 in
478 2209 621 2279 praesenti
652 2227 737 2278 quam
763 2210 794 2264 in
819 2209 973 2280 praeterito
999 2209 1166 2279 productam

151 2277 264 2332 habet.
281 2321 286 2332 .
303 2279 321 2332 .'
358 2278 437 2333 Idem
458 2298 485 2350 p.
506 2285 557 2334 893
571 2281 601 2336 Ρ.
646 2281 773 2335 ‘strido
800 2284 829 2335 et
852 2280 957 2334 strideo
980 2283 1040 2334 tam
1063 2280 1165 2334 tertiae

154 2365 241 2416 quam
256 2349 394 2404 secundae
409 2351 616 2421 coniugationis
630 2351 774 2406 inuenitur
788 2396 793 2405 .
806 2397 811 2408 .
824 2395 847 2406 ..
864 2352 913 2405 sed
926 2353 994 2421 puto
1009 2351 1166 2422 euphoniae

156 2435 244 2474 eausa
263 2437 320 2474 non
338 2437 398 2475 esse
417 2421 448 2476 in
466 2441 519 2476 usu
538 2423 622 2493 sti-isi,
642 2423 692 2476 sed
710 2423 792 2478 stn'di
808 2423 861 2478 ...'

226 2521 288 2570 tum
308 2517 387 2573 arat.
403 2536 433 2588 p.
454 2525 506 2574 893
561 2520 691 2574 strideret
709 2541 730 2574 ω
746 2539 775 2590 p.
791 2524 842 2574 867
862 2518 988 2574 strident
1006 2521 1045 2576 ed.
1067 2521 1166 2575 Veneta

208 2605 319 2642 rursum
332 2588 415 2660 &aaa
433 2592 546 2646 ibidem:
565 2594 599 2659 ef.
615 2593 781 2647 Bitsctets'us
798 2609 888 2662 opstse.
904 2591 942 2645 II
952 2595 1003 2644 260
1013 2608 1050 2662 sq.
1070 2609 1164 2644 rursus

155 2659 194 2713 ab
214 2659 304 2715 Vossii
321 2677 368 2715 ms.
387 2677 496 2715 rursum
515 2663 551 2716 ab
570 2664 689 2718 Bottius

572 2812 749 2872 antinno

225 2926 267 2980 De
281 2925 403 2982 nominis
413 2929 536 2983 Anemno
551 2929 642 2984 forma
656 2945 728 2998 quae
743 2928 887 2999 disputavi
901 2929 966 2984 vide
975 2928 1005 2982 in
1015 2928 1164 2984 Ritsehelii

150 3014 247 3068 opusc.
266 2998 293 3052 II
308 3004 358 3052 613
370 3016 409 3068 sq.
649 3080 665 3138 I

688 3165 763 3228 su6s
788 3164 927 3229 deseruit
949 3165 1078 3230 hteros
1098 3203 1139 3211 —

150 3247 353 3334 Superstites
377 3253 460 3316 sunt.

178 3379 182 3386 ·
222 3362 295 3418 Non.
311 3355 372 3431 398,
383 3368 417 3415 24
437 3361 662 3432 ‘superstites
677 3367 786 3419 ueteres
800 3366 944 3433 ponebant
955 3367 1109 3422 incolumes
1120 3414 1125 3424 .
1138 3415 1161 3426 ..

147 3433 254 3488 Accius
273 3433 477 3488 Alcemeone
493 3435 546 3490 ...’

225 3538 284 3602 lsq.
300 3532 452 3586 devestitum
466 3533 584 3587 distinxi
597 3539 666 3604 tsap.
678 3535 757 3590 Rom.
769 3540 828 3605 502,
839 3537 902 3592 olim
916 3552 986 3604 quos
999 3535 1024 3590 d.
1036 3535 1063 3605 l.,
1080 3537 1084 3610 t
1101 3555 1160 3606 sup.
