2624 3888
576 167 607 223 n.
626 167 752 222 Aecrvs
1108 170 1168 236 161

153 326 241 379 decet
263 325 379 397 Machlp
401 344 476 380 nunc
500 328 541 382 vel
563 326 620 380 iam
643 328 669 380 d.
693 329 746 383 alii
817 327 989 399 Anapceetos
1010 329 1170 399 celebrique

151 397 249 466 gradu
272 395 405 451 Gresei'rm
427 414 503 451 nunc
527 397 586 452 edo.
612 399 693 452 decet
714 417 748 454 ree
770 417 845 454 ncnc
866 402 972 470 quidem
986 402 1072 470 plone
1089 419 1170 472 repu-

153 469 304 524 diaverim:
324 471 358 536 cf.
378 476 448 540 trop.
469 470 548 523 Rom.
567 475 619 524 468

640 603 685 660 IV

153 754 162 766 .
191 753 197 765 .
222 754 228 766 .
253 754 259 766 .
285 753 292 766 .
315 704 419 786 neque
442 703 511 767 fere
533 703 702 767 hominum
724 706 855 789 pectore
1170 723 1203 771 25

150 807 371 894 Fregescunt,
394 809 496 874 donec
519 810 588 874 uim
610 810 726 895 imperi
749 811 973 895 persenserint.

225 929 415 998 Non.111,1
445 930 669 1056 ‘frepeecere
694 931 807 1004 frangi!
846 931 1013 1002 Comparari
1035 932 1168 1002 Aeschyli

150 1001 254 1070 Agam.
267 1001 375 1056 1601H.
395 1006 522 1071 κρατηθε
534 1023 549 1066 ς
562 1001 590 1057 δ’
607 1003 778 1073 ἡμερώτερος
792 1011 883 1073 φανεῖ
893 1008 1019 1074 (1619sq.
1036 1009 1104 1058 1639
1115 1006 1166 1073 sq.)

227 1114 243 1160 2
262 1107 362 1178 imperi
384 1108 574 1178 persenserint
591 1111 710 1166 Bothiue
730 1109 916 1179 persenserim
933 1108 1044 1180 imperii
1065 1131 1086 1164 ω
1104 1126 1167 1180 per-

149 1177 423 1306 {iffiffpeffi
437 1182 576 1235 Bantinos
634 1181 793 1251 persensint
811 1183 861 1251 (cel
876 1183 1047 1251 persensere)
1066 1181 1166 1251 imperi

646 1347 674 1404 V

633 1447 748 1512 melius
771 1448 868 1531 quem
890 1449 954 1511 uiri

152 1536 283 1602 Cellenl
306 1538 464 1602 muliere's.

225 1658 298 1714 Non.
318 1665 382 1728 25⁷,
398 1665 432 1712 30
457 1658 581 1714 ‘callet
602 1657 743 1728 significat
762 1657 816 1712 scit
831 1659 884 1712 ...'
923 1657 1033 1712 Similis.
1052 1659 1165 1713 suntin

148 1729 287 1799 Aeschyli
303 1730 402 1800 Agem.
419 1735 487 1784 1605
505 1731 537 1785 τὸ
555 1729 609 1800 γὰρ
628 1732 748 1784 δολῶσαι
767 1729 837 1797 πρὸς
855 1730 988 1800 γυναικὸς
1005 1725 1041 1800 ἦν
1060 1740 1163 1800 σαφῶς.

515 1933 804 1994 GLVTEMESTRA

225 2049 416 2105 Gnvrnrrrsrm
438 2050 559 2105 nominis
578 2050 698 2104 formem
715 2049 860 2104 revocavit
877 2049 1048 2105 Ritschelius
1068 2068 1162 2120 opusc.

147 2123 178 2176 11
191 2128 243 2176 497
255 2139 309 2190 sq.:
334 2122 368 2176 cf.
393 2121 513 2176 collecte
531 2139 549 2175 e
567 2137 612 2175 me
630 2121 737 2175 ibidem
756 2127 807 2175 517
818 2139 858 2189 sq.
878 2124 907 2174 et
925 2121 1100 2176 Fleckeiseni
1118 2122 1162 2176 cit.

147 2194 173 2247 L
191 2211 219 2262 p.
240 2198 282 2247 13.
319 2192 533 2262 Diphlhongum
556 2209 594 2247 oe
612 2192 698 2246 Accio
716 2191 860 2246 vindicavi
878 2191 909 2245 in
928 2193 1033 2249 snnell.
1051 2193 1162 2263 philoll.

147 2263 252 2318 LXXV
267 2269 319 2317 316
329 2281 388 2332 sqq.
425 2264 527 2318 Actem
550 2281 575 2318 e.
596 2269 647 2318 698
670 2264 701 2316 in
722 2262 797 2318 ludis
816 2263 931 2332 Pompei
949 2267 1047 2318 narret
1065 2264 1161 2320 Cicero

148 2352 195 2404 ep.
218 2335 255 2388 ed
273 2335 339 2388 fem.
359 2334 411 2388 VIl
426 2341 449 2389 1.
488 2333 527 2389 of.
546 2337 692 2404 praeterea
712 2333 747 2388 de
766 2333 811 2389 off.
830 2334 975 2404 131,114.

648 2505 664 2562 Ι

148 2658 156 2670 .
183 2657 189 2670 .
216 2656 222 2668 .
246 2656 252 2669 .
276 2605 332 2670 sed
353 2605 467 2669 uiluse
490 2607 644 2669 resonunt
666 2604 781 2690 regiae.

222 2725 382 2780 Priscianus
399 2745 426 2796 p.
446 2732 498 2780 863
512 2727 542 2782 Ρ.
575 2726 659 2780 ‘haec
678 2727 774 2779 tamen
792 2724 869 2794 ipsa’
890 2729 938 2795 (sc.
957 2723 987 2776 in
1004 2722 1035 2775 ni
1054 2722 1160 2778 divisas

145 2797 334 2869 praeteritum
358 2797 529 2865 desinentia,
552 2799 585 2850 ut
604 2795 697 2866 sonui,
717 2796 850 2866 sonitum)
871 2797 915 2849 ‘et
934 2794 1087 2849 secundum
1105 2798 1160 2848 ter-

145 2869 221 2924 tiam
239 2867 426 2922 uetustissimi
443 2868 594 2938 protulisse
612 2867 794 2922 inueniuntur
813 2865 1041 2936 coniugationem
1057 2867 1109 2921 ...’

146 2981 174 3104 'C
220 2974 306 3102 pelde
332 2976 398 3047 Rep.
427 2976 525 3030 Bamb.
554 2975 639 3030 Bere.
668 2974 751 3046 Scep.
779 2981 805 3030 et
831 2973 841 3026 i
868 2975 909 3028 vel
936 2973 946 3024 l
974 2989 1053 3028 masc
1077 2971 1158 3027 Greci.

170 3065 267 3104 aroer.

1162 2587 1196 2634 30

1161 2677 1193 2723 31

641 3143 673 3201 Π

145 3301 154 3313 .
180 3250 291 3312 omnes
314 3245 455 3332 gandent
478 3245 580 3308 fe‘cere
603 3248 702 3328 recle,
725 3244 808 3308 mile
830 3244 968 3330 pigrenl.

220 3369 293 3446 Non.
313 3373 374 3436 219,
390 3373 424 3422 14
444 3366 575 3438 ‘pigret
591 3366 643 3420 ...’

220 3492 277 3529 non
296 3491 391 3529 omnes
406 3491 486 3544 prop.
504 3475 594 3528 coroll.
611 3473 644 3541 L,
663 3473 709 3528 sed
727 3473 809 3527 etiam
827 3473 996 3526 contrarium
1014 3489 1109 3527 omnes
1129 3490 1158 3526 se

143 3549 207 3603 dici
220 3549 314 3616 potuit
366 3545 441 3598 male
459 3546 577 3599 Bothioe
594 3543 663 3596 moli
682 3565 703 3597 ω
757 3544 909 3598 audaciora
926 3546 985 3599 alic

203 3645 282 3686 Senem
296 3655 358 3694 poen.
372 3645 437 3685 Rom.
450 3645 531 3694 fragm.
545 3644 579 3684 ed.
593 3643 710 3684 Rmencn.
965 3639 997 3686 11
