<?xml version="1.0" encoding="UTF-8"?>
<!DOCTYPE html PUBLIC "-//W3C//DTD XHTML 1.0 Transitional//EN"
    "http://www.w3.org/TR/xhtml1/DTD/xhtml1-transitional.dtd">
<html xmlns="http://www.w3.org/1999/xhtml" xml:lang="en" lang="en">
 <head>
  <title>
</title>
<meta http-equiv="Content-Type" content="text/html;charset=utf-8" />
  <meta name='ocr-system' content='tesseract 3.04.00' />
  <meta name='ocr-capabilities' content='ocr_page ocr_carea ocr_par ocr_line ocrx_word'/>
</head>
<body>
  <div class='ocr_page' id='page_1' title='image "./scaenicaeromano04ribbgoog_0263.png"; bbox 0 0 2624 3888; ppageno 0'>
   <div class='ocr_carea' id='block_1_1' title="bbox 154 125 746 192">
    <p class='ocr_par' dir='ltr' id='par_1_1' title="bbox 154 125 746 192">
     <span class='ocr_line' id='line_1_1' title="bbox 154 125 746 192; baseline -0.014 -2"><span class='ocrx_word' id='word_1_1' title='bbox 154 125 220 192; x_wconf 79' lang='lat'>248</span> <span class='ocrx_word' id='word_1_2' title='bbox 270 135 272 142; x_wconf 83' lang='grc'>’</span> <span class='ocrx_word' id='word_1_3' title='bbox 571 128 601 182; x_wconf 92' lang='lat' dir='ltr'>L.</span> <span class='ocrx_word' id='word_1_4' title='bbox 619 128 746 183; x_wconf 81' lang='lat' dir='ltr'>ACCIVS</span> 
     </span>
    </p>
   </div>
   <div class='ocr_carea' id='block_1_2' title="bbox 274 335 1020 410">
    <p class='ocr_par' dir='ltr' id='par_1_2' title="bbox 274 335 1020 410">
     <span class='ocr_line' id='line_1_2' title="bbox 274 335 1020 410; baseline 0.005 -4"><span class='ocrx_word' id='word_1_5' title='bbox 274 335 546 408; x_wconf 63' lang='grc' dir='ltr'>μΒΤΑΒΙΑΕΤΑΕ</span> <span class='ocrx_word' id='word_1_6' title='bbox 571 352 620 409; x_wconf 84' lang='lat' dir='ltr'>vel</span> <span class='ocrx_word' id='word_1_7' title='bbox 643 349 862 408; x_wconf 80' lang='lat' dir='ltr'><strong>TROPAEVM</strong></span> <span class='ocrx_word' id='word_1_8' title='bbox 884 350 1020 410; x_wconf 83' lang='lat' dir='ltr'>LIBERI</span> 
     </span>
    </p>
   </div>
   <div class='ocr_carea' id='block_1_3' title="bbox 156 475 704 662">
    <p class='ocr_par' dir='ltr' id='par_1_3' title="bbox 156 475 704 662">
     <span class='ocr_line' id='line_1_3' title="bbox 654 475 669 532; baseline 0 0"><span class='ocrx_word' id='word_1_9' title='bbox 654 475 669 532; x_wconf 93' lang='lat' dir='ltr'>I</span> 
     </span>
     <span class='ocr_line' id='line_1_4' title="bbox 156 573 704 662; baseline 0 -24"><span class='ocrx_word' id='word_1_10' title='bbox 156 573 334 662; x_wconf 71' lang='lat' dir='ltr'>Cdrporare</span> <span class='ocrx_word' id='word_1_11' title='bbox 357 574 414 638; x_wconf 84' lang='lat' dir='ltr'>abs</span> <span class='ocrx_word' id='word_1_12' title='bbox 437 576 528 660; x_wconf 72' lang='lat' dir='ltr'>tergo</span> <span class='ocrx_word' id='word_1_13' title='bbox 553 597 585 638; x_wconf 89' lang='lat' dir='ltr'>es</span> <span class='ocrx_word' id='word_1_14' title='bbox 609 597 704 638; x_wconf 84' lang='lat' dir='ltr'>ausus</span> 
     </span>
    </p>
   </div>
   <div class='ocr_carea' id='block_1_4' title="bbox 155 695 1171 908">
    <p class='ocr_par' dir='ltr' id='par_1_4' title="bbox 155 695 1171 908">
     <span class='ocr_line' id='line_1_5' title="bbox 176 695 1171 766; baseline 0.001 -18"><span class='ocrx_word' id='word_1_15' title='bbox 176 715 178 722; x_wconf 87' lang='grc'><em>·</em></span> <span class='ocrx_word' id='word_1_16' title='bbox 227 695 298 750; x_wconf 89' lang='lat' dir='ltr'>Non.</span> <span class='ocrx_word' id='word_1_17' title='bbox 319 701 414 764; x_wconf 80' lang='lat'>20‚25</span> <span class='ocrx_word' id='word_1_18' title='bbox 445 697 640 765; x_wconf 76' lang='lat' dir='ltr'>‘corporeis</span> <span class='ocrx_word' id='word_1_19' title='bbox 660 695 889 764; x_wconf 66' lang='lat' dir='ltr'>edissertione,</span> <span class='ocrx_word' id='word_1_20' title='bbox 918 699 947 750; x_wconf 89' lang='lat' dir='ltr'>et</span> <span class='ocrx_word' id='word_1_21' title='bbox 965 697 1045 764; x_wconf 87' lang='lat' dir='ltr'>qussi</span> <span class='ocrx_word' id='word_1_22' title='bbox 1065 714 1171 766; x_wconf 83' lang='lat' dir='ltr'>eorpus</span> 
     </span>
     <span class='ocr_line' id='line_1_6' title="bbox 157 766 1170 837; baseline 0.003 -18"><span class='ocrx_word' id='word_1_23' title='bbox 157 767 247 821; x_wconf 89' lang='lat' dir='ltr'>solum</span> <span class='ocrx_word' id='word_1_24' title='bbox 270 766 330 820; x_wconf 89' lang='lat' dir='ltr'>sine</span> <span class='ocrx_word' id='word_1_25' title='bbox 354 767 448 821; x_wconf 79' lang='lat' dir='ltr'>anime</span> <span class='ocrx_word' id='word_1_26' title='bbox 470 766 627 835; x_wconf 77' lang='lat' dir='ltr'>relinquere</span> <span class='ocrx_word' id='word_1_27' title='bbox 699 767 799 821; x_wconf 77' lang='lat' dir='ltr'>Aesius</span> <span class='ocrx_word' id='word_1_28' title='bbox 821 767 967 822; x_wconf 76' lang='lat' dir='ltr'>Stasiustis</span> <span class='ocrx_word' id='word_1_29' title='bbox 991 767 1037 821; x_wconf 88' lang='lat' dir='ltr'>uel</span> <span class='ocrx_word' id='word_1_30' title='bbox 1055 767 1170 837; x_wconf 84' lang='lat' dir='ltr'>Tropeo</span> 
     </span>
     <span class='ocr_line' id='line_1_7' title="bbox 155 837 635 908; baseline 0 -18"><span class='ocrx_word' id='word_1_31' title='bbox 155 837 225 906; x_wconf 55' lang='lat' dir='ltr'>liba</span> <span class='ocrx_word' id='word_1_32' title='bbox 242 883 246 892; x_wconf 91' lang='lat'>.</span> <span class='ocrx_word' id='word_1_33' title='bbox 260 883 282 892; x_wconf 90' lang='lat'>..</span> <span class='ocrx_word' id='word_1_34' title='bbox 329 838 455 906; x_wconf 76' lang='lat' dir='ltr'>(Liberi</span> <span class='ocrx_word' id='word_1_35' title='bbox 469 838 635 908; x_wconf 73' lang='lat' dir='ltr'>Seriverius)</span> 
     </span>
    </p>
   </div>
   <div class='ocr_carea' id='block_1_5' title="bbox 169 947 677 1082">
    <p class='ocr_par' dir='ltr' id='par_1_5' title="bbox 169 947 677 1082">
     <span class='ocr_line' id='line_1_8' title="bbox 169 947 677 1082; baseline 0.008 -84"><span class='ocrx_word' id='word_1_36' title='bbox 169 975 171 982; x_wconf 34' lang='grc' dir='ltr'><strong><em>ι</em></strong></span> <span class='ocrx_word' id='word_1_37' title='bbox 227 949 371 1014; x_wconf 76' lang='lat' dir='ltr'>torporsre</span> <span class='ocrx_word' id='word_1_38' title='bbox 389 947 526 1016; x_wconf 74' lang='lat' dir='ltr'>Berytius</span> <span class='ocrx_word' id='word_1_39' title='bbox 646 1025 677 1082; x_wconf 81' lang='grc' dir='ltr'>Π</span> 
     </span>
    </p>
   </div>
   <div class='ocr_carea' id='block_1_6' title="bbox 105 1105 1181 1216">
    <p class='ocr_par' dir='ltr' id='par_1_6' title="bbox 105 1105 1181 1216">
     <span class='ocr_line' id='line_1_9' title="bbox 105 1105 1181 1216; baseline -0.004 -22"><span class='ocrx_word' id='word_1_40' title='bbox 105 1125 251 1194; x_wconf 80' lang='lat' dir='ltr'>605Tdm</span> <span class='ocrx_word' id='word_1_41' title='bbox 274 1125 408 1188; x_wconf 82' lang='lat' dir='ltr'>subinde</span> <span class='ocrx_word' id='word_1_42' title='bbox 431 1125 496 1188; x_wconf 79' lang='lat' dir='ltr'>leui</span> <span class='ocrx_word' id='word_1_43' title='bbox 521 1126 628 1190; x_wconf 87' lang='lat' dir='ltr'>dolore</span> <span class='ocrx_word' id='word_1_44' title='bbox 652 1125 713 1189; x_wconf 85' lang='lat' dir='ltr'>hoe</span> <span class='ocrx_word' id='word_1_45' title='bbox 737 1126 843 1190; x_wconf 61' lang='lat' dir='ltr'>enims</span> <span class='ocrx_word' id='word_1_46' title='bbox 866 1148 981 1216; x_wconf 86' lang='lat' dir='ltr'>eorpus</span> <span class='ocrx_word' id='word_1_47' title='bbox 1003 1125 1139 1210; x_wconf 83' lang='lat' dir='ltr'>liquerit</span> <span class='ocrx_word' id='word_1_48' title='bbox 1176 1105 1181 1114; x_wconf 49' lang='grc'><strong><em>’</em></strong></span> 
     </span>
    </p>
   </div>
   <div class='ocr_carea' id='block_1_7' title="bbox 158 1245 1173 1372">
    <p class='ocr_par' dir='ltr' id='par_1_7' title="bbox 158 1245 1173 1372">
     <span class='ocr_line' id='line_1_10' title="bbox 158 1245 1173 1372; baseline 0.002 -72"><span class='ocrx_word' id='word_1_49' title='bbox 158 1318 190 1372; x_wconf 53' lang='lat' dir='ltr'>St</span> <span class='ocrx_word' id='word_1_50' title='bbox 226 1246 299 1370; x_wconf 53' lang='lat' dir='ltr'>Nutu.</span> <span class='ocrx_word' id='word_1_51' title='bbox 324 1252 423 1343; x_wconf 44' lang='lat' dir='ltr'>3352st</span> <span class='ocrx_word' id='word_1_52' title='bbox 459 1245 620 1314; x_wconf 87' lang='lat' dir='ltr'>‘liquerit</span> <span class='ocrx_word' id='word_1_53' title='bbox 648 1245 789 1316; x_wconf 79' lang='lat' dir='ltr'>significat</span> <span class='ocrx_word' id='word_1_54' title='bbox 816 1250 845 1301; x_wconf 85' lang='lat' dir='ltr'>et</span> <span class='ocrx_word' id='word_1_55' title='bbox 872 1247 1025 1316; x_wconf 78' lang='lat' dir='ltr'>reliquerit.</span> <span class='ocrx_word' id='word_1_56' title='bbox 1065 1247 1173 1328; x_wconf 78' lang='lat' dir='ltr'>Aesius</span> 
     </span>
     <span class='ocr_line' id='line_1_11' title="bbox 191 1335 304 1372; baseline -0.012 0"><span class='ocrx_word' id='word_1_57' title='bbox 191 1335 266 1372; x_wconf 79' lang='lat' dir='ltr'>as1es</span> <span class='ocrx_word' id='word_1_58' title='bbox 280 1335 304 1370; x_wconf 91' lang='lat' dir='ltr'>1s</span> 
     </span>
    </p>
   </div>
   <div class='ocr_carea' id='block_1_8' title="bbox 158 1423 1174 1654">
    <p class='ocr_par' dir='ltr' id='par_1_8' title="bbox 158 1423 1174 1654">
     <span class='ocr_line' id='line_1_12' title="bbox 230 1423 1172 1496; baseline 0.004 -18"><span class='ocrx_word' id='word_1_59' title='bbox 230 1424 348 1478; x_wconf 86' lang='lat' dir='ltr'>subinde</span> <span class='ocrx_word' id='word_1_60' title='bbox 375 1426 474 1494; x_wconf 68' lang='lat' dir='ltr'>scribsi</span> <span class='ocrx_word' id='word_1_61' title='bbox 501 1423 618 1478; x_wconf 83' lang='lat' dir='ltr'>subidae</span> <span class='ocrx_word' id='word_1_62' title='bbox 646 1424 755 1494; x_wconf 87' lang='lat' dir='ltr'>(subide</span> <span class='ocrx_word' id='word_1_63' title='bbox 774 1427 812 1496; x_wconf 84' lang='lat' dir='ltr'>B)</span> <span class='ocrx_word' id='word_1_64' title='bbox 837 1425 939 1480; x_wconf 66' lang='grc' dir='ltr'>ΒΘΗ</span> <span class='ocrx_word' id='word_1_65' title='bbox 964 1425 1072 1479; x_wconf 82' lang='lat' dir='ltr'>sibidae</span> <span class='ocrx_word' id='word_1_66' title='bbox 1101 1426 1172 1482; x_wconf 87' lang='lat' dir='ltr'><strong><em>Par.</em></strong></span> 
     </span>
     <span class='ocr_line' id='line_1_13' title="bbox 158 1494 1174 1552; baseline 0 -2"><span class='ocrx_word' id='word_1_67' title='bbox 158 1495 276 1551; x_wconf 80' lang='lat' dir='ltr'>subidse</span> <span class='ocrx_word' id='word_1_68' title='bbox 300 1496 334 1549; x_wconf 92' lang='lat' dir='ltr'>de</span> <span class='ocrx_word' id='word_1_69' title='bbox 354 1496 388 1549; x_wconf 89' lang='lat' dir='ltr'><strong><em>H</em></strong></span> <span class='ocrx_word' id='word_1_70' title='bbox 392 1495 478 1549; x_wconf 80' lang='lat' dir='ltr'>²LW</span> <span class='ocrx_word' id='word_1_71' title='bbox 545 1494 603 1548; x_wconf 87' lang='lat' dir='ltr'>leui</span> <span class='ocrx_word' id='word_1_72' title='bbox 626 1498 727 1552; x_wconf 69' lang='lat' dir='ltr'>conieci</span> <span class='ocrx_word' id='word_1_73' title='bbox 749 1496 789 1550; x_wconf 87' lang='lat' dir='ltr'>loi</span> <span class='ocrx_word' id='word_1_74' title='bbox 807 1517 828 1550; x_wconf 87' lang='grc' dir='ltr'><strong><em>ω</em></strong></span> <span class='ocrx_word' id='word_1_75' title='bbox 888 1496 983 1550; x_wconf 88' lang='lat' dir='ltr'>dolore</span> <span class='ocrx_word' id='word_1_76' title='bbox 1007 1497 1111 1552; x_wconf 71' lang='lat' dir='ltr'>Junius</span> <span class='ocrx_word' id='word_1_77' title='bbox 1136 1497 1174 1550; x_wconf 87' lang='lat' dir='ltr'>de</span> 
     </span>
     <span class='ocr_line' id='line_1_14' title="bbox 159 1565 1020 1654; baseline 0.003 -34"><span class='ocrx_word' id='word_1_78' title='bbox 159 1569 222 1654; x_wconf 75' lang='lat' dir='ltr'>(due</span> <span class='ocrx_word' id='word_1_79' title='bbox 240 1568 280 1638; x_wconf 92' lang='lat' dir='ltr'>B)</span> <span class='ocrx_word' id='word_1_80' title='bbox 299 1567 358 1621; x_wconf 86' lang='lat' dir='ltr'>lore</span> <span class='ocrx_word' id='word_1_81' title='bbox 376 1565 445 1637; x_wconf 59' lang='lat' dir='ltr'>(lose</span> <span class='ocrx_word' id='word_1_82' title='bbox 466 1566 501 1635; x_wconf 80' lang='lat' dir='ltr'>G)</span> <span class='ocrx_word' id='word_1_83' title='bbox 520 1587 541 1619; x_wconf 89' lang='grc' dir='ltr'>ω</span> <span class='ocrx_word' id='word_1_84' title='bbox 596 1569 657 1620; x_wconf 89' lang='lat' dir='ltr'>tum</span> <span class='ocrx_word' id='word_1_85' title='bbox 676 1567 700 1620; x_wconf 89' lang='lat' dir='ltr'>si</span> <span class='ocrx_word' id='word_1_86' title='bbox 719 1567 825 1621; x_wconf 80' lang='lat' dir='ltr'>crudeli</span> <span class='ocrx_word' id='word_1_87' title='bbox 844 1567 939 1622; x_wconf 86' lang='lat' dir='ltr'>dolore</span> <span class='ocrx_word' id='word_1_88' title='bbox 957 1568 1020 1623; x_wconf 76' lang='lat' dir='ltr'>Rue</span> 
     </span>
    </p>
   </div>
   <div class='ocr_carea' id='block_1_9' title="bbox 155 1753 813 2044">
    <p class='ocr_par' dir='ltr' id='par_1_9' title="bbox 155 1753 813 2044">
     <span class='ocr_line' id='line_1_15' title="bbox 639 1753 687 1810; baseline 0 0"><span class='ocrx_word' id='word_1_89' title='bbox 639 1753 687 1810; x_wconf 90' lang='grc' dir='ltr'>ΙΠ</span> 
     </span>
     <span class='ocr_line' id='line_1_16' title="bbox 155 1853 720 1938; baseline -0.004 -20"><span class='ocrx_word' id='word_1_90' title='bbox 155 1909 161 1918; x_wconf 78' lang='grc'><em>,</em></span> <span class='ocrx_word' id='word_1_91' title='bbox 202 1853 343 1918; x_wconf 74' lang='lat' dir='ltr'>Vulnere</span> <span class='ocrx_word' id='word_1_92' title='bbox 367 1856 470 1916; x_wconf 81' lang='lat' dir='ltr'>taetro</span> <span class='ocrx_word' id='word_1_93' title='bbox 495 1853 720 1938; x_wconf 75' lang='lat' dir='ltr'>defdrmstum,</span> 
     </span>
     <span class='ocr_line' id='line_1_17' title="bbox 204 1959 813 2044; baseline 0 -20"><span class='ocrx_word' id='word_1_94' title='bbox 204 1960 269 2025; x_wconf 82' lang='lat' dir='ltr'>Suo</span> <span class='ocrx_word' id='word_1_95' title='bbox 293 1959 356 2023; x_wconf 86' lang='lat' dir='ltr'>sibi</span> <span class='ocrx_word' id='word_1_96' title='bbox 378 1959 502 2022; x_wconf 76' lang='lat' dir='ltr'>lautum</span> <span class='ocrx_word' id='word_1_97' title='bbox 525 1959 681 2044; x_wconf 82' lang='lat' dir='ltr'>sunguine</span> <span class='ocrx_word' id='word_1_98' title='bbox 704 1960 813 2044; x_wconf 87' lang='lat' dir='ltr'>tepido</span> 
     </span>
    </p>
   </div>
   <div class='ocr_carea' id='block_1_10' title="bbox 179 2079 1178 2221">
    <p class='ocr_par' dir='ltr' id='par_1_10' title="bbox 179 2079 1178 2221">
     <span class='ocr_line' id='line_1_18' title="bbox 230 2079 1178 2149; baseline 0.002 -15"><span class='ocrx_word' id='word_1_99' title='bbox 230 2081 301 2134; x_wconf 90' lang='lat' dir='ltr'>Non.</span> <span class='ocrx_word' id='word_1_100' title='bbox 322 2085 386 2147; x_wconf 79' lang='lat'><strong>337,</strong></span> <span class='ocrx_word' id='word_1_101' title='bbox 402 2084 435 2132; x_wconf 78' lang='lat'>15</span> <span class='ocrx_word' id='word_1_102' title='bbox 461 2079 608 2134; x_wconf 77' lang='lat' dir='ltr'>‘lautum</span> <span class='ocrx_word' id='word_1_103' title='bbox 632 2079 718 2134; x_wconf 82' lang='lat' dir='ltr'>etium</span> <span class='ocrx_word' id='word_1_104' title='bbox 736 2080 914 2149; x_wconf 84' lang='lat' dir='ltr'>inquinatum</span> <span class='ocrx_word' id='word_1_105' title='bbox 932 2081 979 2135; x_wconf 92' lang='lat' dir='ltr'>uel</span> <span class='ocrx_word' id='word_1_106' title='bbox 997 2082 1178 2137; x_wconf 73' lang='lat' dir='ltr'>maculatum</span> 
     </span>
     <span class='ocr_line' id='line_1_19' title="bbox 179 2149 730 2221; baseline -0.007 -14"><span class='ocrx_word' id='word_1_107' title='bbox 179 2151 318 2207; x_wconf 81' lang='lat' dir='ltr'>..Accius</span> <span class='ocrx_word' id='word_1_108' title='bbox 338 2149 471 2204; x_wconf 80' lang='lat' dir='ltr'>Stesiasti</span> <span class='ocrx_word' id='word_1_109' title='bbox 489 2150 535 2204; x_wconf 93' lang='lat' dir='ltr'>uel</span> <span class='ocrx_word' id='word_1_110' title='bbox 554 2151 662 2221; x_wconf 81' lang='lat' dir='ltr'>Tropeo</span> <span class='ocrx_word' id='word_1_111' title='bbox 678 2153 730 2206; x_wconf 89' lang='lat'>...’</span> 
     </span>
    </p>
   </div>
   <div class='ocr_carea' id='block_1_11' title="bbox 159 2258 1176 2398">
    <p class='ocr_par' dir='ltr' id='par_1_11' title="bbox 159 2258 1176 2398">
     <span class='ocr_line' id='line_1_20' title="bbox 233 2258 1176 2328; baseline 0.001 -16"><span class='ocrx_word' id='word_1_112' title='bbox 233 2265 294 2328; x_wconf 80' lang='lat' dir='ltr'>lsq.</span> <span class='ocrx_word' id='word_1_113' title='bbox 314 2258 485 2327; x_wconf 73' lang='lat' dir='ltr'>Anapuestos</span> <span class='ocrx_word' id='word_1_114' title='bbox 503 2260 615 2328; x_wconf 74' lang='lat' dir='ltr'>aquovit</span> <span class='ocrx_word' id='word_1_115' title='bbox 634 2259 743 2313; x_wconf 80' lang='lat' dir='ltr'>Vossius</span> <span class='ocrx_word' id='word_1_116' title='bbox 815 2265 830 2312; x_wconf 79' lang='lat'><strong>2</strong></span> <span class='ocrx_word' id='word_1_117' title='bbox 851 2276 901 2312; x_wconf 91' lang='lat' dir='ltr'>suo</span> <span class='ocrx_word' id='word_1_118' title='bbox 921 2258 976 2313; x_wconf 86' lang='lat' dir='ltr'>sibi</span> <span class='ocrx_word' id='word_1_119' title='bbox 994 2276 1043 2313; x_wconf 70' lang='lat' dir='ltr'>osu.</span> <span class='ocrx_word' id='word_1_120' title='bbox 1063 2259 1091 2312; x_wconf 84' lang='lat' dir='ltr'><strong><em>A</em></strong></span> <span class='ocrx_word' id='word_1_121' title='bbox 1111 2261 1176 2314; x_wconf 86' lang='lat' dir='ltr'>suci</span> 
     </span>
     <span class='ocr_line' id='line_1_21' title="bbox 159 2329 595 2398; baseline -0.002 -15"><span class='ocrx_word' id='word_1_122' title='bbox 159 2329 216 2394; x_wconf 82' lang='lat' dir='ltr'>sibi</span> <span class='ocrx_word' id='word_1_123' title='bbox 234 2331 261 2384; x_wconf 93' lang='lat' dir='ltr'><em>B</em></span> <span class='ocrx_word' id='word_1_124' title='bbox 315 2332 381 2398; x_wconf 91' lang='lat' dir='ltr'>tepo</span> <span class='ocrx_word' id='word_1_125' title='bbox 399 2329 427 2382; x_wconf 83' lang='lat' dir='ltr'><strong><em>A</em></strong></span> <span class='ocrx_word' id='word_1_126' title='bbox 592 2343 595 2350; x_wconf 81' lang='grc'><strong>’</strong></span> 
     </span>
    </p>
   </div>
   <div class='ocr_carea' id='block_1_12' title="bbox 159 2443 1179 2630">
    <p class='ocr_par' dir='ltr' id='par_1_12' title="bbox 159 2443 1179 2630">
     <span class='ocr_line' id='line_1_22' title="bbox 641 2443 685 2502; baseline -0.045 0"><span class='ocrx_word' id='word_1_127' title='bbox 641 2443 685 2502; x_wconf 85' lang='lat' dir='ltr'>IV</span> 
     </span>
     <span class='ocr_line' id='line_1_23' title="bbox 159 2544 1179 2630; baseline 0 -19"><span class='ocrx_word' id='word_1_128' title='bbox 159 2546 193 2611; x_wconf 90' lang='lat' dir='ltr'>N</span> <span class='ocrx_word' id='word_1_129' title='bbox 194 2549 236 2610; x_wconf 85' lang='lat'>611</span> <span class='ocrx_word' id='word_1_130' title='bbox 253 2545 345 2610; x_wconf 89' lang='lat' dir='ltr'>uides</span> <span class='ocrx_word' id='word_1_131' title='bbox 365 2567 461 2628; x_wconf 78' lang='lat' dir='ltr'>quum</span> <span class='ocrx_word' id='word_1_132' title='bbox 479 2545 616 2630; x_wconf 79' lang='lat' dir='ltr'>turbam,</span> <span class='ocrx_word' id='word_1_133' title='bbox 635 2548 772 2629; x_wconf 78' lang='lat' dir='ltr'>quantos</span> <span class='ocrx_word' id='word_1_134' title='bbox 786 2544 864 2608; x_wconf 75' lang='lat' dir='ltr'>belh·</span> <span class='ocrx_word' id='word_1_135' title='bbox 878 2547 995 2610; x_wconf 79' lang='lat' dir='ltr'>fluctus</span> <span class='ocrx_word' id='word_1_136' title='bbox 1009 2547 1179 2612; x_wconf 79' lang='lat' dir='ltr'>edneites‘?</span> 
     </span>
    </p>
   </div>
   <div class='ocr_carea' id='block_1_13' title="bbox 160 2663 1178 3020">
    <p class='ocr_par' dir='ltr' id='par_1_13' title="bbox 160 2663 1178 3020">
     <span class='ocr_line' id='line_1_24' title="bbox 231 2663 1177 2734; baseline 0.004 -15"><span class='ocrx_word' id='word_1_137' title='bbox 231 2666 303 2721; x_wconf 69' lang='lat' dir='ltr'>Non‘.</span> <span class='ocrx_word' id='word_1_138' title='bbox 323 2671 387 2734; x_wconf 77' lang='lat'>524,</span> <span class='ocrx_word' id='word_1_139' title='bbox 403 2672 436 2720; x_wconf 79' lang='lat'>25</span> <span class='ocrx_word' id='word_1_140' title='bbox 458 2666 608 2720; x_wconf 85' lang='lat' dir='ltr'>‘turbam</span> <span class='ocrx_word' id='word_1_141' title='bbox 626 2668 655 2720; x_wconf 87' lang='lat' dir='ltr'>et</span> <span class='ocrx_word' id='word_1_142' title='bbox 673 2666 770 2719; x_wconf 78' lang='lat' dir='ltr'>turbas</span> <span class='ocrx_word' id='word_1_143' title='bbox 789 2663 930 2720; x_wconf 79' lang='lat' dir='ltr'>diuersum</span> <span class='ocrx_word' id='word_1_144' title='bbox 948 2666 1049 2720; x_wconf 87' lang='lat' dir='ltr'>uolunt</span> <span class='ocrx_word' id='word_1_145' title='bbox 1066 2667 1177 2724; x_wconf 80' lang='lat' dir='ltr'>habere</span> 
     </span>
     <span class='ocr_line' id='line_1_25' title="bbox 162 2736 1176 2808; baseline 0.002 -17"><span class='ocrx_word' id='word_1_146' title='bbox 162 2736 408 2808; x_wconf 80' lang='lat' dir='ltr'>significationem,</span> <span class='ocrx_word' id='word_1_147' title='bbox 431 2740 464 2790; x_wconf 85' lang='lat' dir='ltr'>ut</span> <span class='ocrx_word' id='word_1_148' title='bbox 487 2736 525 2790; x_wconf 91' lang='lat' dir='ltr'>sit</span> <span class='ocrx_word' id='word_1_149' title='bbox 547 2737 631 2791; x_wconf 78' lang='lat' dir='ltr'>turbs</span> <span class='ocrx_word' id='word_1_150' title='bbox 648 2737 747 2807; x_wconf 88' lang='lat' dir='ltr'>populi</span> <span class='ocrx_word' id='word_1_151' title='bbox 765 2739 932 2806; x_wconf 72' lang='lat' dir='ltr'>conuentus,</span> <span class='ocrx_word' id='word_1_152' title='bbox 956 2737 1055 2792; x_wconf 80' lang='lat' dir='ltr'>turbae</span> <span class='ocrx_word' id='word_1_153' title='bbox 1073 2739 1176 2794; x_wconf 82' lang='lat' dir='ltr'>turba-</span> 
     </span>
     <span class='ocr_line' id='line_1_26' title="bbox 161 2807 1178 2877; baseline 0.002 -14"><span class='ocrx_word' id='word_1_154' title='bbox 161 2809 260 2863; x_wconf 86' lang='lat' dir='ltr'>tiones.</span> <span class='ocrx_word' id='word_1_155' title='bbox 292 2807 351 2861; x_wconf 87' lang='lat' dir='ltr'>Nos</span> <span class='ocrx_word' id='word_1_156' title='bbox 371 2811 468 2861; x_wconf 80' lang='lat' dir='ltr'>eontra</span> <span class='ocrx_word' id='word_1_157' title='bbox 486 2808 591 2862; x_wconf 77' lang='lat' dir='ltr'>lectum</span> <span class='ocrx_word' id='word_1_158' title='bbox 608 2807 765 2862; x_wconf 87' lang='lat' dir='ltr'>inuenimus</span> <span class='ocrx_word' id='word_1_159' title='bbox 785 2811 814 2862; x_wconf 85' lang='lat' dir='ltr'>et</span> <span class='ocrx_word' id='word_1_160' title='bbox 832 2807 982 2862; x_wconf 72' lang='lat' dir='ltr'>indiscrete</span> <span class='ocrx_word' id='word_1_161' title='bbox 999 2809 1123 2877; x_wconf 86' lang='lat' dir='ltr'>positum</span> <span class='ocrx_word' id='word_1_162' title='bbox 1142 2815 1178 2865; x_wconf 87' lang='lat' dir='ltr'>et</span> 
     </span>
     <span class='ocr_line' id='line_1_27' title="bbox 160 2877 1175 2950; baseline 0 -16"><span class='ocrx_word' id='word_1_163' title='bbox 160 2897 211 2950; x_wconf 84' lang='lat' dir='ltr'>pro</span> <span class='ocrx_word' id='word_1_164' title='bbox 230 2877 320 2933; x_wconf 89' lang='lat' dir='ltr'>turbis</span> <span class='ocrx_word' id='word_1_165' title='bbox 339 2879 459 2932; x_wconf 79' lang='lat' dir='ltr'>turbem.</span> <span class='ocrx_word' id='word_1_166' title='bbox 496 2878 598 2932; x_wconf 82' lang='lat' dir='ltr'>Accius</span> <span class='ocrx_word' id='word_1_167' title='bbox 612 2879 783 2932; x_wconf 73' lang='lat' dir='ltr'>Athamante</span> <span class='ocrx_word' id='word_1_168' title='bbox 800 2878 931 2933; x_wconf 88' lang='lat' dir='ltr'>...idem</span> <span class='ocrx_word' id='word_1_169' title='bbox 946 2879 1104 2934; x_wconf 78' lang='lat' dir='ltr'>Stasiastiis</span> <span class='ocrx_word' id='word_1_170' title='bbox 1124 2882 1175 2935; x_wconf 90' lang='lat' dir='ltr'>uel</span> 
     </span>
     <span class='ocr_line' id='line_1_28' title="bbox 161 2950 845 3020; baseline 0.001 -16"><span class='ocrx_word' id='word_1_171' title='bbox 161 2951 270 3020; x_wconf 81' lang='lat' dir='ltr'>Tropeo</span> <span class='ocrx_word' id='word_1_172' title='bbox 287 2950 339 3004; x_wconf 91' lang='lat'>...’</span> <span class='ocrx_word' id='word_1_173' title='bbox 844 2951 845 2956; x_wconf 73' lang='grc'>’</span> 
     </span>
    </p>
   </div>
   <div class='ocr_carea' id='block_1_14' title="bbox 232 3053 1007 3124">
    <p class='ocr_par' dir='ltr' id='par_1_14' title="bbox 232 3053 1007 3124">
     <span class='ocr_line' id='line_1_29' title="bbox 232 3053 1007 3124; baseline 0.003 -14"><span class='ocrx_word' id='word_1_174' title='bbox 232 3058 352 3124; x_wconf 79' lang='lat' dir='ltr'>quantos</span> <span class='ocrx_word' id='word_1_175' title='bbox 370 3053 477 3110; x_wconf 70' lang='lat' dir='ltr'>bellice</span> <span class='ocrx_word' id='word_1_176' title='bbox 496 3059 616 3122; x_wconf 76' lang='lat' dir='ltr'>quantes</span> <span class='ocrx_word' id='word_1_177' title='bbox 635 3055 681 3110; x_wconf 93' lang='lat' dir='ltr'>uel</span> <span class='ocrx_word' id='word_1_178' title='bbox 700 3077 721 3110; x_wconf 87' lang='grc' dir='ltr'><strong><em>ω</em></strong></span> <span class='ocrx_word' id='word_1_179' title='bbox 741 3074 847 3124; x_wconf 88' lang='lat' dir='ltr'>quosue</span> <span class='ocrx_word' id='word_1_180' title='bbox 866 3057 1007 3114; x_wconf 75' lang='lat' dir='ltr'>Mercerus</span> 
     </span>
    </p>
   </div>
   <div class='ocr_carea' id='block_1_15' title="bbox 560 3221 879 3302">
    <p class='ocr_par' dir='ltr' id='par_1_15' title="bbox 560 3221 879 3302">
     <span class='ocr_line' id='line_1_30' title="bbox 560 3221 879 3302; baseline 0 0"><span class='ocrx_word' id='word_1_181' title='bbox 560 3242 768 3302; x_wconf 72' lang='lat' dir='ltr'>TELEPHVS</span> <span class='ocrx_word' id='word_1_182' title='bbox 877 3221 879 3225; x_wconf 81' lang='grc'><strong>’</strong></span> 
     </span>
    </p>
   </div>
   <div class='ocr_carea' id='block_1_16' title="bbox 160 3356 1176 3504">
    <p class='ocr_par' dir='ltr' id='par_1_16' title="bbox 160 3356 1176 3504">
     <span class='ocr_line' id='line_1_31' title="bbox 233 3356 1176 3426; baseline 0.005 -17"><span class='ocrx_word' id='word_1_183' title='bbox 233 3357 372 3410; x_wconf 74' lang='lat' dir='ltr'>Tuusenvs</span> <span class='ocrx_word' id='word_1_184' title='bbox 396 3356 495 3426; x_wconf 80' lang='lat' dir='ltr'>(forma</span> <span class='ocrx_word' id='word_1_185' title='bbox 514 3357 638 3412; x_wconf 79' lang='lat' dir='ltr'>Tuuosvs</span> <span class='ocrx_word' id='word_1_186' title='bbox 657 3357 688 3410; x_wconf 78' lang='lat' dir='ltr'>sn.</span> <span class='ocrx_word' id='word_1_187' title='bbox 704 3357 743 3410; x_wconf 91' lang='lat' dir='ltr'>IX</span> <span class='ocrx_word' id='word_1_188' title='bbox 761 3361 790 3412; x_wconf 89' lang='lat' dir='ltr'>et</span> <span class='ocrx_word' id='word_1_189' title='bbox 802 3357 840 3412; x_wconf 89' lang='lat' dir='ltr'>XI</span> <span class='ocrx_word' id='word_1_190' title='bbox 859 3376 922 3412; x_wconf 89' lang='lat' dir='ltr'>cum</span> <span class='ocrx_word' id='word_1_191' title='bbox 940 3359 1078 3414; x_wconf 83' lang='lat' dir='ltr'>similibus</span> <span class='ocrx_word' id='word_1_192' title='bbox 1097 3377 1176 3414; x_wconf 84' lang='lat' dir='ltr'><strong>com·</strong></span> 
     </span>
     <span class='ocr_line' id='line_1_32' title="bbox 160 3427 1176 3504; baseline 0.009 -24"><span class='ocrx_word' id='word_1_193' title='bbox 160 3427 302 3496; x_wconf 76' lang='lat' dir='ltr'>paranda,</span> <span class='ocrx_word' id='word_1_194' title='bbox 322 3428 356 3480; x_wconf 89' lang='lat' dir='ltr'>de</span> <span class='ocrx_word' id='word_1_195' title='bbox 375 3427 476 3495; x_wconf 90' lang='lat' dir='ltr'>quibus</span> <span class='ocrx_word' id='word_1_196' title='bbox 496 3427 628 3482; x_wconf 88' lang='lat' dir='ltr'>disseruit</span> <span class='ocrx_word' id='word_1_197' title='bbox 645 3428 841 3483; x_wconf 80' lang='lat' dir='ltr'>Fleckeisenus</span> <span class='ocrx_word' id='word_1_198' title='bbox 859 3429 962 3504; x_wconf 72' lang='lat' dir='ltr'>anuali,</span> <span class='ocrx_word' id='word_1_199' title='bbox 977 3431 1085 3500; x_wconf 85' lang='lat' dir='ltr'>philoll.</span> <span class='ocrx_word' id='word_1_200' title='bbox 1102 3437 1176 3490; x_wconf 84' lang='grc'>1866</span> 
     </span>
    </p>
   </div>
   <div class='ocr_carea' id='block_1_17' title="bbox 159 3501 301 3566">
    <p class='ocr_par' dir='ltr' id='par_1_17' title="bbox 159 3501 301 3566">
     <span class='ocr_line' id='line_1_33' title="bbox 159 3501 301 3566; baseline 0 0"><span class='ocrx_word' id='word_1_201' title='bbox 159 3514 189 3566; x_wconf 72' lang='lat'>1³·</span> <span class='ocrx_word' id='word_1_202' title='bbox 205 3501 301 3566; x_wconf 55' lang='lat' dir='ltr'>Mes)</span> 
     </span>
    </p>
   </div>
   <div class='ocr_carea' id='block_1_18' title="bbox 0 0 1316 3888">
    <p class='ocr_par' dir='ltr' id='par_1_18' title="bbox 0 0 1316 3888">
     <span class='ocr_line' id='line_1_34' title="bbox 0 0 1316 3888; baseline 0 0"><span class='ocrx_word' id='word_1_203' title='bbox 0 0 1316 3888; x_wconf 95' lang='lat' dir='ltr'> </span> 
     </span>
    </p>
   </div>
  </div>
 </body>
</html>
