2618 3900
172 152 235 216 156
555 153 592 206 Μ.
611 152 791 207 PACVVIVS

649 319 703 402 av

173 404 301 470 Galeam

243 525 385 580 Charisius
413 544 439 595 p.
465 530 499 579 50
522 525 552 580 P.
596 524 740 593 ‘quamuis
768 509 898 594 antiqui,
927 527 959 578 ut
985 525 1126 578 Paeuurus
1154 527 1185 578 et

172 597 303 665 Plautus,
328 596 488 652 Oaloham
506 596 616 665 dicant,
639 613 697 650 non
715 595 917 665 Calchantem)
956 595 1101 650 calehan
1120 596 1183 651 eod.

173 667 333 722 Calohem
356 667 451 737 (immo
476 667 622 736 Galeam)
646 667 824 721 scribendum
848 684 908 721 esse
926 667 1036 720 monuit
1053 667 1186 722 Ritsche·

172 739 227 792 lius
246 739 319 793 Prol.
338 739 413 794 Trin.
432 757 459 808 p.
478 739 637 794 LXXXVII.

643 872 713 931 LVI

173 959 281 1018 torrus

246 1075 357 1130 Servius
384 1075 415 1128 in
441 1076 510 1131 Aen.
536 1076 588 1130 XII
609 1082 660 1130 298
691 1078 772 1130 ‘nam
798 1075 870 1129 illud
897 1075 982 1128 Ennii
1010 1079 1038 1130 et
1065 1075 1187 1129 Pacuuii

174 1147 286 1216 penitus
304 1147 341 1200 de
359 1164 412 1201 usu
430 1147 554 1217 recessit,
573 1150 605 1201 ut
623 1147 678 1201 hie
697 1150 822 1218 torrus,
845 1147 928 1200 huius
946 1146 1016 1200 torri
1035 1146 1185 1201 dieamus!

612 1343 623 1366 ,
635 1299 721 1358 LVII

175 1381 266 1445 iteris

247 1502 388 1557 Charisius
406 1521 433 1572 pi
454 1509 488 1557 63
502 1503 531 1557 P.
567 1503 637 1557 ‘iter
659 1503 738 1557 iteris
762 1504 847 1558 debet
869 1503 974 1572 faeere,
997 1519 1055 1556 non
1073 1501 1186 1556 itineris

177 1573 337 1644 ...plurali
359 1577 455 1628 tamen
477 1591 593 1628 numero
615 1574 719 1629 itinere
738 1591 847 1644 semper
865 1574 996 1628 dicemus.
1033 1590 1091 1627 non
1110 1573 1188 1627 enim

176 1645 249 1700 sicut
267 1645 367 1698 huius
386 1644 487 1699 iteris
501 1645 641 1699 Pacuuius
656 1645 736 1716 dixit,
751 1648 780 1700 et
793 1646 863 1698 haee
876 1645 949 1698 itera
962 1645 1056 1714 potuit
1070 1645 1186 1699 dicere?

99 1783 100 1786 Ἴ
176 1717 253 1770 Idem
270 1735 297 1785 p.
314 1720 365 1770 109
379 1716 409 1770 P.
449 1717 604 1770 ‘Pacuuius
623 1733 734 1785 quoque
753 1715 832 1770 iteris
851 1716 942 1772 dixit’

631 1867 731 1926 LVIII

176 1949 336 2013 insomnia

248 2069 359 2124 Servius
382 2069 412 2122 in
432 2068 500 2124 Aen.
520 2069 589 2123 IV9
618 2070 778 2124 ‘sciendum
805 2070 905 2140 igitur:
938 2070 1017 2139 quia,
1046 2070 1071 2123 si
1098 2073 1187 2124 terret

177 2141 357 2222 dixerimus,
375 2141 492 2210 antiqua
521 2140 575 2194 erit
591 2141 732 2222 elocutio.
774 2141 947 2223 Irrsomnia
979 2141 1081 2222 enim'·
1099 2143 1142 2224 (h,
1161 2158 1185 2197 e.

176 2212 288 2337 little)
305 2211 639 2337 ttttlttttttz
658 2215 710 2337 s.
723 2213 1022 2339 winetmar
1054 2213 1186 2283 dmm

647 2435 716 2493 LIX

178 2505 267 2586 putta.
290 2501 337 2565 iti

250 2623 361 2678 Servius
384 2621 414 2674 in
432 2623 500 2677 Aen.
520 2622 547 2675 Π
561 2627 611 2676 etr
638 2621 875 2692 ‘praepositiones
898 2621 945 2674 uel
966 2621 1102 2675 aduerbia
1120 2621 1152 2674 in
1171 2639 1189 2676 a

179 2695 310 2748 exeuntia
333 2694 417 2748 modo
434 2693 594 2763 producunt
612 2692 742 2746 ultimam
760 2691 898 2761 litteram,
918 2695 1034 2761 excepto
1052 2695 1140 2761 puta
1159 2697 1189 2748 et

178 2766 228 2820 ita
252 2767 272 2835 (‘
280 2768 308 2818 et
326 2765 382 2819 ita'
409 2782 462 2820 om.
480 2764 605 2832 Hamb.),
629 2781 701 2832 quae
726 2763 835 2832 (‘quia'
856 2763 952 2834 vulgo)
971 2763 1046 2832 apud
1064 2763 1189 2818 Ennium

178 2840 208 2890 et
225 2836 379 2890 Pacuuium
401 2835 500 2890 breuia
524 2837 608 2889 sunt’
646 2838 730 2904 puta
755 2837 787 2888 et
810 2835 872 2908 ita]
891 2835 942 2888 ita
961 2837 994 2888 et
1012 2835 1093 2902 quia
1113 2836 1186 2890 coni.

178 2908 261 2961 Thilo
281 2906 352 2960 conl.
371 2906 456 2962 Prisc.
475 2907 501 2959 lI
520 2911 554 2960 65
569 2906 602 2960 H.
640 2905 736 2960 Servio
756 2906 854 2960 defin.
874 2907 913 2960 IV
927 2911 979 2960 454
992 2905 1025 2960 K.

657 3056 709 3114 LX

177 3123 231 3188 hio
253 3120 342 3186 Iouis

249 3241 398 3312 Pompeius
418 3241 464 3296 GL
482 3243 509 3298 V
523 3249 574 3298 187
588 3243 622 3298 K.
652 3243 720 3297 ‘hoo
742 3242 835 3312 ipsum
858 3242 944 3295 etiam
963 3241 1038 3310 quod
1057 3241 1191 3314 diximus,

178 3315 225 3368 hio
247 3313 373 3384 Iuppiter
398 3316 428 3368 et
449 3314 532 3368 huius
557 3314 644 3384 Iouis,
670 3314 745 3383 apud
768 3313 899 3380 antiquos
922 3313 1009 3367 libros
1027 3313 1191 3369 inuenimus

178 3385 277 3454 plenas
297 3384 509 3455 declinationes,
527 3385 575 3438 hie'
587 3385 714 3454 Iuppiter
731 3384 813 3438 huius
831 3383 965 3452 Iuppitris
979 3383 1045 3437 huie
1059 3384 1190 3454 Iuppitri.

179 3455 310 3525 Legimus
337 3455 368 3509 in
392 3455 481 3525 Capro
506 3456 561 3510 hie
584 3456 690 3524 Iouis,
718 3455 801 3508 huius
824 3454 907 3509 louis.
944 3454 1038 3508 Etiam
1060 3455 1192 3510 Naeuius

179 3525 281 3580 Accius
300 3526 453 3595 Pacuuius,
473 3544 568 3581 omnes
587 3527 636 3580 isti
654 3529 772 3580 utuntur
789 3526 842 3580 hoo
861 3526 1008 3595 exemplo!
