2590 3890
474 1022 800 1110 PRAEFATIO

585 1207 691 1214 ——a

200 1311 383 1376 Thesaurus
406 1310 606 1396 Latinitatis,
634 1311 690 1395 qui
716 1311 867 1395 auspiciis
889 1311 1142 1377 consociaturum

136 1427 368 1492 academiarum
389 1427 636 1492 Teutonicarum
660 1427 802 1512 quinque
826 1427 982 1512 conditur,
1004 1449 1054 1490 mo
1077 1449 1143 1492 mo-

136 1544 195 1629 vit,
222 1547 259 1608 ut
281 1543 561 1628 perpoliendorum
585 1543 746 1607 scaenicae
768 1543 988 1608 Romanorum
1010 1564 1143 1627 poeseos

137 1661 310 1725 trustorum
331 1659 474 1724 laborem
493 1660 656 1746 ingratum
675 1663 707 1723 et
725 1659 889 1724 infinitum
908 1659 1003 1724 tertio
1026 1664 1142 1724 conatu

135 1777 337 1861 susciperem.
374 1798 438 1860 qua
460 1776 547 1839 inre
567 1775 644 1860 quid
662 1776 713 1840 vel
732 1779 886 1860 apparatu
906 1775 1050 1862 augendo
1070 1798 1142 1841 con-

134 1892 289 1956 trahendo
320 1891 507 1977 corrigendo
540 1891 592 1955 vel
622 1891 769 1976 reliquiis
801 1891 880 1976 ipsis
910 1891 1142 1956 constituendis

134 2009 349 2092 praestiterim
372 2030 469 2092 penes
493 2007 604 2073 doctos
626 2007 781 2072 iudicium
805 2011 882 2073 esto.

199 2124 360 2189 Monenda
392 2145 494 2208 pauca
525 2127 656 2188 restant.
702 2124 824 2188 scilicet
854 2123 1021 2188 brevitatis
1049 2146 1143 2188 causa

133 2239 301 2306 Nonianos
324 2240 447 2305 codices
466 2240 557 2326 siglis
574 2240 684 2305 notavi
702 2240 840 2324 usitatis,
862 2240 925 2305 nisi
945 2241 1030 2326 quod
1050 2238 1143 2304 Guel-

133 2357 350 2442 ferbytanum‚
373 2379 468 2442 quem
488 2357 568 2421 alter
587 2357 746 2421 editorum
767 2355 806 2442 G,
827 2357 908 2421 alter
927 2357 1143 2441 Vnunoupat,

134 2473 232 2537 malui
256 2477 294 2536 ut
317 2473 394 2540 olim
417 2473 528 2537 littera
552 2473 598 2540 W
617 2473 751 2559 signare.
796 2478 960 2557 praeterea
984 2497 1008 2537 ar
1033 2493 1143 2539 omnes

135 2588 378 2673 comprehendit
400 2589 502 2654 libros
525 2589 769 2673 manuscriptos,
790 2599 815 2666 ψ
839 2588 942 2653 bonos
965 2589 1143 2674 plerosque,

134 2729 153 2788 χ
185 2704 371 2790 deteriores,
407 2730 432 2790 φ
465 2705 607 2790 reliquos
644 2725 754 2768 omnes
790 2707 917 2788 praeter
951 2703 1143 2768 nominatim

134 2819 289 2914 laudatos.
327 2843 399 2884 eum
424 2821 479 2905 qui
503 2843 585 2884 anno
611 2820 695 2885 1878
720 2820 804 2904 apud
827 2819 863 2884 B.
884 2818 920 2885 [t.
939 2819 1142 2904 Teubnerum

133 2934 277 3002 Nonium
301 2937 401 3001 edidit
422 2939 501 3002 nota
522 2957 545 3002 or
567 2936 713 3023 intellegi
736 2936 819 3001 volo.

199 3051 431 3116 Buechelorum
472 3073 593 3136 meum,
634 3051 690 3136 qui
731 3029 963 3136 perlustrandis
1003 3053 1142 3138 plagulis

132 3168 288 3253 novisque
321 3168 459 3232 inventis
492 3168 610 3232 iterum
642 3167 680 3230 de
712 3166 788 3232 hac.
805 3190 931 3253 quoque
960 3169 1142 3233 litterarum

133 3282 321 3349 Latinarum
352 3287 443 3369 parte
477 3283 596 3368 optime
624 3283 755 3370 meruit,
786 3307 851 3349 non
880 3307 973 3371 aegre
1001 3284 1142 3348 laturum

134 3421 236 3488 spero,
260 3400 346 3486 quod
367 3422 484 3465 nomen
508 3399 576 3464 eius
599 3400 633 3464 in
656 3400 769 3486 'quavis
789 3401 854 3465 fere
872 3401 991 3486 pagina
1010 3399 1141 3464 obvium

135 3517 321 3582 detnmoare
343 3516 449 3582 libuit.
