2590 3890
174 172 215 236 12
556 170 610 226 CN.
630 169 788 224 NAEVIVS

638 337 714 396 Vm

119 433 154 490 Χ
172 439 254 505 Vtin
276 444 396 505 uenatu
418 439 588 504 uitulantis
611 441 651 503 ex
674 439 740 502 suis

122 564 157 612 30
175 545 270 610 Locis
293 569 353 611 nos
375 548 508 611 mittant
529 547 641 631 poinis
666 545 829 609 decoratis
852 544 951 608 ieris?

244 667 435 737 Non.14,19
470 667 679 720 ‘uitulantes
711 669 820 720 ueteres
852 665 1008 736 gaudentes
1042 664 1179 734 dixerunt,

175 737 282 792 dictum
300 756 318 792 a
336 739 427 793 bonae
446 738 523 792 uitae
542 737 700 792 commodo:
721 736 804 791 sicuti
821 737 869 805 qui
883 754 957 790 nunc
972 735 1058 790 estin
1073 753 1181 789 summa

174 808 294 880 laetitia,
314 809 410 863 uiuere
429 825 492 863 cum
512 808 638 864 dicimus.
675 809 709 862 N.
728 808 855 878 Lycurgo
871 809 924 864 ...'

247 923 260 969 1
280 915 361 969 utin
374 917 454 986 uulgo
472 915 515 968 uti
529 917 591 970 Bac
636 913 727 969 exsuis
747 918 791 984 (=
809 913 928 984 exuuiis)
944 914 1035 969 Hucct
1080 913 1181 967 alueis

175 987 317 1042 Mercrius
388 985 486 1056 poenis
505 989 618 1056 interpr.
637 985 763 1055 puniceis
782 986 844 1042 Bac
913 985 1052 1040 decoratis
1067 986 1100 1039 Η
1107 987 1115 1016 ¹
1135 985 1182 1039 de·
1287 1049 1288 1054 ἵ

176 1060 287 1111 curatus
307 1078 329 1127 φ
348 1057 494 1112 decoratos
515 1057 679 1112 Gulielmius

657 1208 699 1265 IX

725 1291 863 1376 pergite,

176 1395 365 1483 Tyrsigerae
388 1397 546 1484 Bacchae,
567 1397 724 1462 Bicchico
748 1419 820 1461 cum
844 1397 990 1461 scc‘mate.

246 1518 317 1573 Non.
343 1523 406 1588 225,
431 1524 444 1572 1
481 1520 789 1572 ‘scema...neutro
819 1517 854 1573 N.
882 1517 1090 1586 Lygurgo...’
1124 1515 1182 1586 (lc-

175 1606 283 1660 gurgo
302 1589 391 1659 Leid.)

246 1696 374 1750 Bacchae
393 1698 432 1752 ed.
455 1701 523 1749 1526
541 1695 661 1750 brehcae
676 1717 697 1749 ω
733 1695 884 1767 Bacchico]
903 1695 987 1748 modo
1006 1694 1141 1748 bacohioo
1161 1716 1182 1748 ω

666 1829 693 1885 Χ

176 1927 310 2014 Ignotae
328 1927 422 2013 <hic>
445 1929 535 1993 iteris
553 1933 680 1993 suimus:
703 1929 772 2013 (si)
795 1931 864 1993 tute
888 1927 950 1993 sois
970 1980 998 1993 ..

178 2119 208 2130 ..
246 2048 406 2130 Priscianus
424 2067 451 2130 p.
471 2055 523 2105 695
541 2051 570 2104 P.
611 2051 650 2104 ‘et
677 2050 730 2104 hoo
757 2050 823 2118 iter3
852 2049 971 2104 dicimus
1000 2049 1075 2103 enim
1098 2050 1181 2104 huius

175 2122 298 2176 rtrnerrs:
323 2137 451 2188 quamuis
475 2120 586 2189 antiqui
608 2120 662 2175 hoc
680 2121 734 2176 iter
752 2120 830 2176 iteris
850 2124 879 2175 et
897 2121 950 2174 hoc
969 2121 1055 2176 itiner
1072 2121 1182 2176 itineris

178 2225 379 2281 dixerunt...
399 2226 433 2282 N.
457 2225 487 2280 in
505 2227 632 2297 Lycurgo
648 2229 718 2282 ....’
744 2206 895 2297 (lugurio
914 2227 996 2297 Reg.:
1024 2228 1079 2282 fuit
1096 2228 1184 2298 igitur

175 2297 338 2382 Lucurgo.
380 2297 519 2351 Incertum
542 2315 579 2352 an
603 2297 726 2367 sangall.
751 2297 907 2368 legurgo,
930 2299 1006 2367 quod
1029 2299 1184 2354 identidem

175 2366 252 2421 Leid.
281 2367 367 2421 Nonii
386 2367 508 2438 exhibet,
522 2368 607 2423 fuerit
620 2370 813 2440 Loecurgo.)
831 2369 902 2423 Non.
917 2375 1019 2437 124,27
1036 2369 1182 2440 ‘ignota

175 2438 205 2490 id
228 2441 272 2492 est
294 2455 382 2492 mscre
405 2443 522 2508 (mserae
542 2444 583 2510 ψ).
620 2441 728 2494 Neuius
750 2441 898 2510 Lycurgo.
916 2485 920 2495 .
938 2442 955 2494 .’
993 2441 1071 2494 idem
1089 2445 1150 2510 485,
1167 2447 1183 2495 5

177 2509 292 2564 ‘iteris
307 2509 431 2579 positum
443 2527 494 2580 pro
508 2511 617 2566 itineris
633 2556 673 2567 ...
692 2512 726 2566 N.
741 2511 868 2581 Lycurgo
884 2512 937 2564 ...’
958 2511 1038 2565 Thes.
1053 2529 1116 2565 nov.
1132 2512 1182 2567 lat.

176 2598 221 2650 ap.
236 2583 268 2636 A.
283 2581 343 2635 Mai
361 2584 433 2636 auct.
450 2581 530 2637 class.
545 2583 610 2636 vm
623 2601 649 2652 p.
666 2589 717 2636 127
733 2583 801 2636 ‘hoc
819 2581 1040 2651 heteroclinium,
1059 2582 1088 2652 ii,
1107 2583 1183 2636 unde

175 2651 331 2708 Plautus:
362 2652 475 2723 ignoti
502 2653 641 2708 itineris
670 2671 795 2722 sumus,
827 2655 901 2707 tute
930 2652 996 2707 scis
1024 2670 1097 2722 quae
1126 2653 1184 2708 siut

175 2723 361 2777 heteroclita.’
391 2723 460 2778 Ihid.
475 2742 502 2794 p.
522 2730 573 2778 194
593 2724 813 2792 ‘heteroclitum,
833 2723 1054 2778 diuersiclinium
1072 2723 1121 2777 uhi
1140 2724 1183 2776 di-

175 2810 273 2848 uersae
293 2797 358 2848 sunt
375 2794 447 2850 uiae.
475 2794 632 2850 Plautus:
652 2799 726 2850 tute
746 2795 814 2849 scis
834 2811 906 2863 quae
925 2794 982 2849 sint
996 2795 1181 2850 heteroclita.'

247 2899 361 2969 ignotae
385 2921 406 2953 ω
425 2918 454 2969 p.
476 2907 527 2954 124
550 2901 641 2972 ignoti
659 2921 689 2972 p.
710 2907 761 2956 485
781 2923 801 2956 ω
825 2903 893 2971 (uici
916 2904 987 2972 quod
1009 2901 1094 2972 igniti
1118 2903 1183 2972 Bo),

176 2970 348 3038 Priscianus,
366 2971 428 3025 thes.

658 3069 701 3127 XI
746 3069 748 3075 .

176 3167 237 3232 Dic
261 3168 325 3251 qud
348 3171 442 3252 pacto
467 3190 539 3232 eum
562 3169 673 3254 potiti:
696 3193 827 3256 pugnen
850 3172 891 3235 sin
915 3171 1018 3236 dolis?

247 3289 319 3343 Non.
340 3294 404 3358 481,
420 3295 454 3344 28
484 3289 616 3358 ‘potior
642 3290 723 3345 illam
745 3308 804 3345 rem
825 3310 875 3361 pro
899 3292 950 3346 illa
972 3309 1002 3346 re
1024 3291 1183 3361 potior...

176 3360 210 3414 N.
230 3361 399 3430 Lycurgo..
417 3362 434 3415 ‚²

248 3466 366 3536 potitu’s
389 3475 439 3523 aut
462 3466 548 3536 potiti
568 3466 629 3520 sitis
649 3469 702 3523 Ed.
722 3469 824 3524 Becker
876 3486 993 3538 pugnarn
1011 3486 1048 3523 an
1066 3469 1186 3525 Bottiaia

177 3555 273 3608 pugna
292 3555 329 3591 an
348 3541 473 3609 (pugnarn
491 3538 536 3608 H)
555 3559 576 3592 a
