2618 3900
149 193 194 258 70
565 195 596 260 Q·
615 195 750 250 ENNIVS

563 357 738 424 Patricoles

147 461 309 548 Eldquere
333 464 481 549 eloquere
503 467 554 529 re's
571 463 732 551 Argiuum
755 466 877 550 proelio
900 471 937 530 ut
958 489 991 531 se
1010 467 1157 532 sustinet.

556 570 743 656 Eurypylus

146 676 223 744 Non
240 679 326 764 potis
345 679 442 742 ecfari
461 679 589 744 tantum
604 678 706 764 dietis,
725 680 882 763 quantum
896 679 989 744 factis
1003 681 1155 766 suppetit.
1173 709 1201 750 lo

553 784 572 824 a:
724 785 744 827 δὲ

639 829 657 871 *

92 904 146 954 325
157 888 232 957 'Vbi
250 891 380 956 fortuna
396 890 545 956 Hectdris
563 895 707 958 nostram
726 915 830 958 acrem
848 895 950 958 aciem
968 895 1157 959 inclinatam

781 1000 911 1084 <serra

217 1154 313 1209 Cicero
332 1153 412 1210 Tusc.
433 1154 503 1224 disp.
523 1156 549 1210 Π
569 1161 615 1224 16,
630 1161 663 1210 38
689 1152 767 1224 ‘quin
788 1157 876 1211 etiam
893 1156 1022 1211 uidemus
1041 1173 1075 1210 ex
1093 1156 1156 1210 acie

148 1225 239 1280 efferri
263 1241 346 1295 saepe
370 1226 479 1281 saucios
553 1230 583 1280 at
606 1243 672 1280 uero
697 1226 745 1281 ille
768 1227 937 1282 exercitatus
961 1231 990 1282 et
1011 1231 1094 1282 uetus
1118 1228 1155 1282 ob

146 1313 264 1364 eamque
282 1313 341 1351 rem
358 1297 458 1352 fortior
475 1297 614 1352 medicum
632 1297 715 1351 modo
734 1297 877 1366 requirens
897 1316 914 1352 a
932 1315 988 1366 quo
1004 1298 1155 1368 obligetur,

146 1385 163 1422 o
195 1368 402 1435 Patricoles,
439 1369 543 1438 inquit,
581 1368 622 1422 ad
654 1385 714 1422 uos
747 1369 1006 1424 adueniens...
1027 1370 1153 1424 accedi.

146 1438 258 1494 Certe:
281 1439 474 1510 Eurypylus
493 1439 548 1493 hic
567 1437 703 1507 quidem
721 1442 781 1494 est.
817 1439 882 1494 Vbi
901 1440 1040 1494 tandem
1057 1440 1156 1494 luctu

146 1511 392 1566 conturbatur?
428 1510 602 1565 Hominem
636 1509 824 1563 exercitum
855 1510 934 1564 uide
962 1529 1061 1579 quam
1087 1529 1157 1566 non

144 1580 320 1636 flebiliter
341 1582 572 1652 respondeat,’
597 1581 705 1651 (Certe
724 1581 917 1650 Eurypylus
942 1581 996 1636 hic
1016 1582 1155 1650 quidem

145 1655 198 1705 est
215 1652 384 1707 hominem
402 1652 589 1706 exercitum
606 1652 665 1706 ubi
684 1654 818 1706 tantum
836 1652 950 1706 luctus
970 1653 1154 1708 continua-

144 1725 199 1776 tur
221 1723 299 1792 libri,
323 1724 378 1778 nisi
402 1725 476 1792 quod
500 1723 728 1778 exercitatum
749 1723 830 1777 Bern.
854 1726 883 1777 et
906 1723 956 1776 alii
979 1725 1059 1779 codd.
1084 1725 1154 1779 boni

144 1795 217 1847 teste
237 1794 348 1850 Orellio.
377 1795 506 1848 luctum
524 1795 748 1849 continuatus
766 1795 834 1864 Reg.
855 1793 925 1850 Gud.
945 1795 1028 1850 Brux.
1057 1795 1152 1850 Verba

145 1867 237 1918 certe
257 1910 263 1920 .
280 1909 307 1920 ..
327 1865 514 1919 exercitum
532 1865 662 1920 Patroclo
686 1865 765 1919 dedit
782 1865 940 1935 Bentleius,
964 1867 1033 1920 item
1058 1867 1152 1921 deleto

144 1937 196 1989 est
219 1935 374 1990 Tischerus.
413 1937 504 1990 certe
526 1936 721 2006 Eurypylus
742 1937 798 1990 hie
817 1936 953 2005 quidem
973 1940 1038 1993 est:
1064 1941 1068 2008 Ι
1093 1938 1153 1992 116-
1213 1977 1217 1986 .

143 2005 265 2060 minem
297 2023 320 2060 e.
353 2006 503 2075 Seyffertus
535 2007 607 2062 Berl.
639 2007 708 2076 phil.
735 2006 934 2064 Wochenschr.
964 2014 1033 2063 1884
1059 2015 1150 2064 1156.

143 2077 189 2130 Me
216 2077 246 2130 in
274 2077 437 2146 separandis
464 2081 565 2146 poetae
590 2077 681 2132 verbis
706 2081 817 2132 secutus
841 2079 984 2133 Vahlenus
1009 2079 1151 2134 Ciceronis

143 2147 206 2202 cola
233 2147 334 2202 ultima
362 2147 402 2202 sic
430 2147 626 2204 conformavit:
658 2149 827 2203 hominem
855 2150 1060 2206 exercitum!
1094 2151 1154 2204 ubi

142 2219 280 2272 tandem
298 2218 413 2272 luctus
433 2219 621 2274 continuat.
659 2219 738 2274 uide
757 2237 779 2274 e.
800 2239 826 2289 q.
846 2239 883 2274 s..
902 2221 960 2274 Alii
979 2221 1037 2274 alia
1055 2225 1153 2292 protu-

142 2289 236 2342 lerunt
253 2289 347 2359 rudia,
367 2291 498 2360 obscura,
517 2289 712 2359 incommoda.)
752 2291 906 2346 ‘rationem
924 2291 1012 2346 etiam
1030 2293 1153 2363 adferat,

143 2377 192 2413 cur
214 2376 304 2429 aequo
327 2361 422 2416 auimo
445 2361 500 2416 sibi
522 2361 666 2415 ferendum
690 2361 739 2418 sit:
767 2362 826 2430 qui
849 2362 954 2416 alteri
1025 2380 1152 2432 parem.

141 2431 272 2486 Abducet
293 2432 460 2502 Patricoles,
489 2433 583 2499 credo,
609 2436 641 2486 ut
664 2433 791 2487 conlocet
813 2433 843 2486 in
867 2433 967 2503 cubili,
991 2437 1023 2488 ut
1046 2435 1149 2490 uolnus

143 2503 258 2574 obliget.
296 2504 320 2557 si
342 2504 457 2572 quidem
478 2505 561 2558 homo
585 2506 673 2574 esset,
697 2505 746 2558 sed
769 2503 841 2557 nihil
864 2504 924 2557 uidi
947 2504 1060 2560 minus'
1099 2506 1151 2576 (sie

141 2573 295 2628 Victorius:
324 2575 472 2630 uidimus
495 2575 579 2646 libri.)
618 2575 749 2640 ‘Quaerit
776 2575 851 2630 enim
878 2575 947 2644 quid
977 2579 1073 2630 actum
1099 2577 1150 2633 sit:

142 2645 302 2714 eloquere
318 2689 323 2700 .
339 2692 345 2702 .
362 2692 367 2702 .
383 2646 545 2717 suppetit.
578 2646 735 2700 Laberis'
756 2646 807 2716 (sic
825 2647 978 2702 Bentleius.
1015 2647 1150 2702 laboris

141 2715 231 2786 libri):
262 2718 416 2785 ‘quiesce
439 2717 549 2788 igitur
571 2720 604 2770 et
626 2717 749 2770 uolnus
768 2717 898 2786 alliga)
937 2718 1150 2787 (Laberis

142 2787 264 2856 alliga:
283 2792 360 2843 tace
378 2789 508 2842 Patroclo
526 2787 628 2842 tribuit
645 2786 797 2842 Bentleius.
823 2787 976 2843 Laboris¹
1000 2790 1054 2845 Pa.

142 2857 280 2924 quiesce
307 2862 341 2914 et
367 2859 489 2913 uolnus
512 2858 622 2928 alliga
644 2859 820 2911 Hermannus
847 2858 946 2928 Opusc.
966 2861 992 2912 V
1012 2866 1063 2914 143
1087 2862 1151 2916 La·

141 2928 245 2982 boris.
282 2931 335 2984 Pa.
373 2930 419 2982 Tu
447 2929 584 2997 quiesce
611 2929 721 2998 igitur
749 2931 782 2982 et
804 2929 926 2982 uolnus
950 2930 1150 3000 alligauero

141 2999 278 3068 Bergkius
297 3000 315 3054 1.
335 3000 353 3054 l.
373 2999 503 3054 laboris
521 3002 634 3068 poetae,
654 2998 762 3067 reliqua
781 2999 908 3054 Ciceroni
926 3001 1072 3055 ascribunt
1090 3003 1152 3056 edi·

141 3072 216 3123 tores
247 3069 393 3139 plerique.)
431 3070 540 3124 ‘Etiam
572 3069 596 3123 si
627 3069 785 3140 Eurypylus
817 3073 927 3140 posset,
964 3089 1022 3126 non
1053 3077 1152 3142 posset

141 3142 280 3208 Aesopus:
308 3141 367 3194 ubi
389 3140 543 3194 fortuna’
568 3158 591 3196 e.
611 3157 637 3208 q.
657 3158 677 3194 s.
718 3143 761 3194 ‘et
785 3144 877 3195 cetera
901 3141 1025 3211 explicat
1048 3143 1078 3197 in
1101 3145 1152 3200 do-

141 3211 220 3264 lore’
258 3211 335 3266 Idem
362 3214 570 3280 orat.46,155
600 3211 711 3279 ‘itaque
738 3211 827 3265 idem
853 3214 973 3281 poeta’
1005 3213 1085 3285 (Eun.
1106 3223 1150 3270 44.

142 3288 185 3336 51.
201 3285 271 3352 363),
292 3283 355 3352 ‘qui
373 3282 536 3337 inusitatius
554 3285 743 3338 contraxerat:
762 3283 851 3352 patris
865 3283 921 3338 mei
934 3300 1029 3338 meum
1042 3285 1152 3341 lactum

141 3353 242 3422 pudet,
264 3372 328 3422 pro:
355 3371 480 3409 meorum
502 3353 652 3422 factorum,
678 3355 719 3409 et:
746 3352 863 3424 texitur,
892 3354 1010 3408 exitium
1034 3373 1153 3412 examen

141 3422 230 3492 rapit,
248 3442 311 3492 pro:
330 3425 491 3494 exitiorum,
510 3441 567 3479 non
586 3423 655 3478 dicit
673 3424 848 3479 liberum...
865 3425 914 3478 sed
927 3428 960 3479 nt
973 3425 1023 3480 isti
1036 3427 1152 3486 uolunt:

142 3509 232 3560 neque
259 3497 339 3549 tuum
365 3513 499 3564 umquam
525 3495 555 3548 in
582 3495 720 3565 gremium
745 3495 864 3550 extollas
887 3495 1040 3550 liberorum
1064 3515 1099 3552 ex
1122 3503 1152 3554 te

140 3581 238 3634 genus.
279 3565 316 3619 Et
346 3567 447 3622 idem:
482 3582 626 3633 namque
658 3565 844 3634 Aesculapi
875 3566 1070 3623 liberorum.
1108 3571 1152 3626 At
