2630 3886
81 197 83 200 ’
153 185 219 249 294
327 185 375 239 EX
393 185 559 241 INCERTIS
578 185 818 241 INOERTORVM
835 183 986 238 FABVLIS

593 353 720 412 LXVIII
989 436 995 449 Ι

152 504 604 520 ...........
642 478 722 540 quae
746 455 862 519 mulier
883 476 948 517 une

150 559 303 646 'Vsurpet
326 561 444 646 duple'x
467 562 572 626 cubile

220 682 451 736 LXVIII-LXX
474 683 569 738 Cicero
595 685 631 738 ed
654 684 719 738 fam.
738 683 777 737 IX
791 689 824 736 22
853 681 962 752 ‘placet
984 681 1086 736 Stoicis
1110 699 1164 735 suo

150 769 290 821 quemque
317 771 376 808 rem
402 754 515 808 nomine
543 755 693 824 appellere.
733 754 772 808 sic
800 753 875 808 enim
902 752 1054 820 disserunt,
1086 752 1164 806 nihil

150 841 210 878 esse
238 825 400 893 obscenum,
433 825 505 879 nihil
531 829 613 895 turpe
641 825 719 880 dictu
739 825 908 893 ...itaque
934 841 991 878 non
1017 825 1102 878 modo
1129 823 1163 877 in

149 895 302 949 comoediis
325 913 368 950 res
387 895 449 966 ipse
467 900 598 951 narratur
670 897 719 952 sed
737 896 825 952 etiem
843 895 873 949 in
891 894 1054 964 tragoediis.
1091 895 1163 963 quid

149 969 193 1020 est
207 966 282 1020 enim
295 966 385 1022 ffludr
400 984 485 1036 quae
498 967 622 1022 mulier
634 986 713 1036 une3
729 968 805 1037 quid,
820 967 943 1036 inquam,
959 969 1002 1020 est
1014 970 1163 1036 usurpat

150 1037 175 1092 d.
196 1054 218 1091 c.
238 1037 307 1105 quid
321 1037 450 1109 [LXIX]?
468 1038 537 1106 quid
555 1042 598 1093 est
612 1039 727 1111 [LXX]?
746 1040 817 1094 bene
836 1037 964 1092 uiolet:
985 1036 1065 1106 etqui
1083 1036 1162 1091 idem

149 1107 302 1176 significet:
326 1109 376 1162 sed
394 1109 514 1164 alterum
532 1127 613 1165 nemo
632 1110 764 1166 tulisset!
802 1110 930 1165 Electrae
949 1107 980 1162 in
997 1107 1077 1162 Accii
1096 1108 1162 1162 Clu-

148 1180 283 1232 temestre
300 1182 419 1234 matrem
437 1180 613 1251 obiurgentis
632 1182 720 1235 uerba
737 1181 836 1236 heberi
853 1183 972 1250 possunt
989 1179 1022 1234 fr.
1037 1179 1160 1234 LXVIII.

147 1249 288 1375 *titutiopee
315 1251 492 1306 Pacuvianee
520 1252 608 1306 tribui
634 1253 667 1308 fr.
686 1251 766 1307 LXX.
804 1253 845 1306 De
871 1251 903 1306 fr.
922 1250 1010 1304 LXIX
1033 1249 1066 1306 cf.
1092 1250 1160 1305 hist.

161 1338 219 1390 rag.
239 1327 299 1376 ser.

221 1435 234 1481 1
255 1428 408 1499 Adsumptc
427 1430 507 1484 Accii
524 1448 548 1485 v.
564 1436 615 1484 656
638 1447 695 1483 une
718 1430 804 1483 duum
826 1427 918 1481 uirum
941 1429 1090 1498 Berytius,
1113 1431 1162 1483 sed

148 1500 183 1566 cf.
203 1501 293 1555 ccroll.
312 1519 376 1556 com.
396 1500 533 1555 CXXVIII
586 1509 602 1554 2
621 1505 739 1570 usurpat
755 1501 837 1555 Harl.
853 1500 914 1554 Pal.
934 1501 1069 1568 usurpato
1084 1500 1159 1554 Med.

201 1587 258 1624 une
275 1574 424 1641 usurpauit
443 1571 546 1641 duplex
565 1572 663 1627 Cubsse
682 1575 751 1628 coni.
771 1572 833 1625 Bce

606 1739 703 1798 LXIX

625 1839 735 1925 huius,
757 1838 874 1924 Phere,

96 1946 222 2012 130Hic
244 1946 349 2012 cubile
372 1947 454 2012 inire
478 1951 526 2012 est
549 1969 652 2012 ausus.

148 2139 183 2195 H
215 2075 232 2194 z1
252 2067 322 2195 {egei
341 2069 425 2138 Med,
440 2070 518 2138 prob.
534 2070 596 2124 Buc
614 2070 647 2124 dc
661 2069 745 2123 Atreo
762 2074 788 2122 et
808 2068 921 2138 Thyeste
939 2069 1068 2139 cogitans.
1088 2067 1161 2122 feret

180 2159 232 2196 ar.
307 2182 313 2194 .

610 2236 691 2294 LXX

146 2336 315 2424 Virginem
333 2358 384 2401 me
404 2336 565 2421 quindem
585 2337 721 2401 inuitem
735 2337 793 2420 pe'r
805 2337 874 2400 uim
887 2336 990 2400 uiolet
1003 2333 1158 2420 Iuppiter.

602 2519 698 2577 LXXI

145 2601 262 2686 'Erebo
286 2621 496 2705 <pr0>creite
518 2620 617 2684 fuscis
640 2619 783 2684 crinibus
807 2619 897 2705 Nox,
920 2623 952 2684 te
974 2618 1101 2685 inuoco.

216 2741 298 2795 Pauli
316 2741 415 2796 Festus
433 2761 460 2812 p.
476 2747 510 2796 83
525 2742 561 2796 M.
602 2741 761 2795 ‘Erebum
779 2739 920 2810 Vergilius
944 2740 1086 2795 interdum
1109 2742 1157 2796 ob·

144 2812 309 2867 scuritctem
327 2814 470 2881 quendem
488 2829 548 2866 esse
568 2811 702 2866 describit
722 2813 797 2882 apud
815 2811 919 2866 inferos
935 2855 940 2865 .
954 2856 959 2866 .
972 2856 976 2866 .
987 2811 1076 2867 Verre
1091 2829 1158 2868 uero

145 2884 236 2938 Erebo
254 2885 352 2938 uatem
370 2885 490 2938 Noctem
508 2883 556 2938 eit.
594 2885 668 2938 unde
688 2886 731 2937 est
750 2885 778 2937 et
796 2882 881 2938 illud:
900 2883 1027 2938 Erebo'
1048 2900 1070 2938 e.
1090 2902 1116 2952 q.
1137 2903 1157 2937 s.

145 2955 268 3009 Possunt
285 2971 319 3008 ex
332 2954 535 3009 Eumenidibus
549 2954 633 3008 Ennii
651 2957 763 3024 sumpte
782 2970 855 3010 esse:
875 2953 909 3008 cf.
928 2953 994 3010 hist.
1009 2957 1082 3024 trag.
1099 2961 1156 3010 147.

145 3134 175 3189 B
192 3063 364 3190 thprccreeta
390 3063 489 3131 ecrr'rui
518 3064 613 3116 create
635 3083 657 3114 ω
682 3063 724 3130 te,
752 3063 860 3129 create,
888 3063 985 3118 omisso
1003 3069 1100 3131 postea
1121 3064 1158 3129 te,

176 3150 191 3189 ο
222 3151 266 3188 rus

599 3229 710 3288 LXXII

155 3329 290 3394 Caelum
313 3331 481 3414 nitescere,
505 3330 635 3394 irbcres
657 3329 870 3413 frondiscere,

156 3434 250 3500 Vite‘s
273 3437 429 3500 laetificae
451 3437 611 3520 pimpinis
634 3435 821 3520 pubescere,

93 3558 144 3602 135
154 3539 253 3604 Remi
272 3540 424 3606 bacarum
446 3541 592 3606 ube'rtete
615 3543 848 3626 incurrissem,
