2630 3886
161 170 256 235 308
339 169 388 224 ux
405 168 573 224 moueris
592 167 832 224 mccaroaru
850 168 1000 224 rasuris
1050 229 1052 232 ,

159 331 253 398 Nihil
275 333 391 396 horum
415 333 552 396 similest
575 332 660 416 apud
683 331 842 396 Lacaenas
865 331 1022 418 uirgines,

160 439 284 516 Quibus
307 439 411 525 magis
431 439 593 524 'palaestra
614 437 740 503 Eurota
762 438 812 508 sol
833 438 942 524 puluis
964 438 1058 504 labor

92 611 94 616 .
158 545 279 611 Militia
302 545 409 610 studio
434 549 482 610 eat
506 546 603 630 quim
625 545 777 609 fertilitas
793 545 944 610 ,birbara

230 666 325 721 Cicero
344 667 425 722 Tusa.
445 666 515 736 disp.
535 667 561 720 Π
578 673 619 735 15,
634 672 668 719 36
692 665 803 734 ‘itaque
822 665 874 734 illi,
894 665 944 735 qui
963 667 1100 722 Graeciae
1120 668 1178 722 for-

158 755 234 792 mam
260 755 352 792 rerum
379 737 557 808 publicarum
585 737 734 806 dederunt,
764 753 882 807 corpora
908 737 1044 792 iuuenum
1068 737 1178 793 firmari

158 809 256 863 labore
278 809 435 864 uoluerrmt.
474 808 555 874 Quod
575 807 734 878 Spartiatae
757 808 844 862 etiam
862 808 892 862 in
910 808 1030 863 feminas
1048 812 1177 864 transtu-

158 879 264 948 lerunt,
293 896 366 948 quse
394 880 494 934 ceteris
516 880 547 934 in
570 880 686 934 urbibus
709 879 875 934 mollissimo
899 880 977 934 cultu
1001 881 1177 950 parietum

160 951 289 1005 umbris
317 951 530 1006 occuluntur.
567 951 613 1004 llli
640 953 737 1005 autem
764 951 914 1005 uoluerunt
941 951 1032 1006 nihil
1055 953 1177 1008 horum

160 1021 273 1076 simile
297 1039 371 1076 esse
394 1023 484 1091 apud
506 1023 695 1077 Lacaenas’
720 1039 744 1077 e.
763 1040 790 1090 q.
811 1041 831 1077 s.
869 1023 1008 1078 Versuum
1030 1028 1175 1077 tot—208

159 1093 296 1146 indicium
320 1093 427 1162 primus
449 1093 519 1148 facit
537 1093 671 1163 Scaliger.
708 1094 750 1147 Elx
773 1093 917 1164 Meleagro
940 1093 1019 1148 Accii
1042 1095 1177 1148 videntur

161 1167 274 1233 sumpta
293 1181 362 1219 esse.
705 1207 707 1212 ,

233 1267 246 1314 1
275 1261 416 1331 parietum
442 1262 549 1316 umbris
578 1263 743 1316 occuluntur
772 1262 865 1317 Cicero
937 1269 952 1315 2
977 1261 1069 1316 simile
1098 1264 1176 1333 apud

161 1333 284 1403 Scoliper
337 1333 493 1387 3Eurotas
511 1336 570 1388 edd.
626 1333 768 1388 4duritia
784 1334 927 1388 Beothius
980 1333 1075 1388 studio
1090 1335 1174 1390 Lam·

109 1419 114 1458 :
161 1406 243 1460 binus
260 1423 322 1459 cum
337 1405 444 1460 cerno.
464 1407 578 1474 aliquot,
596 1407 622 1460 ai
637 1407 705 1473 fides
722 1406 904 1459 collatoribus.
928 1403 959 1457 in
977 1404 1071 1458 studio
1091 1426 1123 1474 φ,
1142 1409 1175 1461 dc

160 1494 216 1546 pao
229 1479 367 1545 scriptura
381 1478 417 1543 cf.
432 1477 629 1531 Lachmarmus
642 1479 674 1530 io
688 1476 772 1530 Iacer.
787 1476 836 1529 IV
847 1481 899 1530 283
954 1475 1079 1530 facilitas
1094 1477 1174 1532 Laid.

163 1547 249 1602 Oxou.
268 1565 342 1602 uuus
359 1546 484 1615 futilitas
502 1547 645 1602 Bentleius

626 1678 708 1738 ΟΧΙΙ

160 1779 207 1845 Vt
229 1781 351 1845 multus
374 1803 391 1846 e
413 1781 593 1846 uiscc'ribus
615 1780 747 1866 sanguis
770 1783 870 1844 exeat.

232 1891 326 1947 Cicero
344 1893 426 1948 Tusc.
446 1893 516 1962 disp.
531 1893 558 1946 H
572 1899 618 1960 14,
633 1898 668 1946 34
692 1891 832 1960 ‘itemque
855 1891 990 1962 Lycurgi’
1012 1895 1060 1973 (sc.
1082 1893 1174 1964 leges)

162 1962 321 2016 ‘laboribus
340 1963 472 2017 erudiunt
485 1963 661 2018 iuuentutem
677 2007 717 2018 ...
733 1963 852 2032 Spartae
866 1981 932 2018 uero
946 1979 1026 2032 puen
1040 1964 1079 2017 ad
1094 1981 1174 2020 aram

162 2033 202 2088 sic
220 2033 383 2088 uerberibus
403 2033 586 2104 accipiuntur,
606 2037 642 2088 ut
660 2033 803 2089 multus’
824 2052 846 2089 e.
862 2053 887 2103 q.
904 2053 924 2090 s.
953 2035 1042 2089 Versu
1060 2035 1173 2105 tragico

161 2103 323 2158 Ciceronem
341 2105 384 2158 uti
403 2105 603 2160 animadvertit
620 2106 825 2161 Lachmannus.

232 2201 329 2256 multis
347 2203 473 2258 Brucell.

619 2283 716 2342 ΟΧΠΙ

108 2397 160 2446 210
170 2381 238 2446 Vos
256 2381 342 2446 enim
360 2383 492 2448 iuuenes
506 2383 649 2447 animum
663 2365 776 2467 geritis
790 2381 989 2467 muliebrem,
1007 2385 1065 2450 illa
1078 2387 1174 2474 uirgo

277 2557 279 2562 ¹
798 2510 871 2552 ulrl.

233 2592 327 2646 Cicero
356 2592 390 2644 de
414 2593 458 2647 off.
478 2593 491 2646 I
512 2598 557 2660 18,
573 2597 605 2644 61
637 2589 875 2660 ‘intellegendum
902 2595 998 2646 autem
1024 2597 1079 2664 est,
1109 2613 1174 2650 cum

160 2663 306 2734 proposita
325 2663 382 2717 sint
399 2679 504 2732 genera
522 2665 664 2731 quattuor,
686 2677 701 2715 e
719 2661 822 2730 quibus
840 2663 974 2718 honestes
994 2664 1174 2736 officiumque

161 2737 297 2804 manaret,
316 2733 576 2804 splendidissimum
593 2731 691 2800 uideri,
710 2733 787 2800 quod
805 2733 900 2788 animo
918 2752 1022 2806 magno
1040 2736 1174 2807 elatoque

161 2805 355 2874 humanasque
386 2822 430 2859 res
462 2804 634 2874 despiciente
661 2803 769 2856 factum
796 2803 841 2859 sit.
878 2805 978 2874 Itaque
1004 2806 1035 2860 in
1061 2809 1173 2878 probris

82 2886 85 2892 ’
161 2876 283 2930 maxime
300 2875 481 2946 inpromptu
499 2878 556 2943 est,
581 2875 605 2928 si
622 2874 691 2942 quid
705 2873 768 2928 tale
787 2873 844 2928 dici
861 2878 968 2944 potest:
987 2895 1048 2932 uos
1067 2879 1171 2934 enim’

162 2964 222 3016 eq.
234 2965 255 3002 s.
284 2949 325 3002 ‘et
338 2949 362 3001 si
375 2947 445 3015 quid
459 2946 610 3002 eiusmodi:
624 2945 706 3018 [Eun.
716 2946 801 3017 318].’
828 2947 971 3018 Meleagro
981 2949 1061 3004 Accii
1074 2950 1171 3006 tribui.

234 3044 424 3114 &panarium
440 3046 560 3099 restituit
575 3044 773 3098 Lacbmorrrucs
827 3043 931 3098 etenim
949 3046 1033 3102 Bam.
1049 3067 1067 3104 a
1121 3048 1174 3104 illa

162 3119 258 3172 autem
275 3114 330 3169 uiri
351 3115 569 3170 CFWMueller
586 3117 655 3170 conl.
671 3115 781 3183 prcood.
798 3115 892 3171 Plout.
907 3121 1033 3188 ttosqp,
1051 3121 1099 3175 sed
1111 3123 1174 3176 cide

163 3189 301 3244 Skutschii
319 3188 457 3242 Plautino
474 3193 500 3242 ct
517 3187 646 3241 Romana
660 3203 690 3255 p.
706 3191 757 3238 122
836 3195 839 3200 '

623 3318 716 3377 OXIV
786 3360 789 3365 -

164 3465 173 3482 .
208 3469 215 3482 .
251 3423 377 3484 tanturn
400 3421 553 3506 gaudium
576 3419 698 3486 oboriri
721 3421 762 3482 ex
784 3420 927 3484 tumultu
949 3424 1105 3489 maximo!
1174 3493 1179 3502 ,

234 3537 332 3592 llestus
345 3558 372 3608 p.
388 3546 439 3594 190
451 3541 488 3594 M.
516 3539 688 3594 ‘oboritur
701 3509 839 3596 nascitur:
854 3558 920 3595 nam
933 3543 1173 3612 praepositionem
