2630 3886
297 129 346 182 EX
364 128 530 184 INCERTIS
549 129 790 186 IIIOERTORVM
807 133 960 188 FABVLIS
1069 135 1134 199 299

122 307 175 344 nos
194 288 285 342 aeris
304 289 441 359 argenti
460 289 535 344 auri
553 306 639 344 uenas
658 289 796 359 penitus
816 291 956 346 abditas
975 293 1133 348 inuenimus

121 365 153 416 et
171 361 208 414 ad
226 377 308 413 usum
327 363 409 429 aptas
429 364 457 414 et
475 361 512 414 ad
531 364 660 415 ornatum
676 362 812 417 decoras?
841 363 921 416 Vnde
935 381 1032 418 versus
1046 365 1134 434 parti-

122 431 218 486 culam
250 431 347 485 elicuit
377 435 444 501 post
471 431 621 486 Gruterum
647 432 784 502 Laugius‚
817 433 866 501 qui
898 435 1066 503 comparatis
1100 453 1134 490 ex
1190 453 1194 458 ·

123 502 258 572 Aeschyli
276 503 442 556 Piometheo
460 521 486 556 v.
507 509 558 556 500
573 521 633 571 sqq.
663 503 762 569 ἔνερθε
781 503 812 558 δὲ
830 502 936 596 phorio
954 507 1130 576 Krupopptv’

120 575 318 642 ἀνθρώποισιν
346 573 515 644 ὠφελήματα
541 575 653 628 Χαλκὸν
681 572 797 644 σίδηρον
824 595 947 646 αργυρον
975 577 1077 646 χρυσόν
1103 597 1132 632 τε

119 667 145 701 κ.
165 664 188 698 τ.
208 650 231 698 l.
258 643 337 698 Accii
368 644 533 698 Prometheo
566 644 617 699 illa
648 645 760 715 tribuit,
794 647 843 700 sed
876 646 989 702 omnino
1024 648 1133 703 ineerta

120 715 291 770 coniectura.

192 824 230 877 Iu
248 824 400 892 septenario
418 821 529 892 repperi
547 841 567 877 e.
587 841 608 877 e.
628 825 751 892 suppleri
769 825 831 879 le'eet

551 973 702 1034 LXXXVI

120 1057 217 1121 Prius
240 1057 334 1142 lindis
356 1057 486 1120 flamma
1135 1073 1184 1122 155

193 1177 289 1232 Cicero
307 1177 379 1233 Phil.
398 1178 463 1232 XIII
477 1184 523 1246 21,
538 1185 572 1232 49
598 1178 707 1248 ‘prius
729 1179 830 1232 undis
852 1179 1002 1249 flamma,
1026 1185 1063 1236 ut
1081 1181 1132 1236 ait

119 1252 223 1319 poeta
250 1248 367 1303 nescio
391 1248 479 1317 quis,
506 1248 584 1319 prius
608 1249 728 1318 denique
752 1249 858 1319 omnia,
886 1268 972 1318 quam
995 1255 1046 1306 aut
1068 1269 1132 1306 oum

118 1319 251 1374 Antoniis
273 1335 317 1373 res
340 1319 455 1389 publiea
478 1323 529 1374 aut
552 1337 615 1374 oum
637 1337 667 1374 re
689 1320 804 1390 publiea
822 1321 939 1375 Antonii
961 1322 1079 1376 redeant
1101 1324 1131 1377 in

117 1391 262 1460 gratiam'
301 1389 340 1445 Of.
363 1391 486 1460 Augusti
513 1391 620 1444 dietum
644 1393 719 1461 apud
742 1391 869 1445 Cassium
891 1393 1010 1446 Dionem
1033 1395 1082 1447 LV
1097 1402 1129 1448 13

118 1467 230 1517 θᾶσσον
249 1506 255 1517 .
273 1505 278 1516 .
297 1470 353 1530 πῦρ
385 1461 468 1516 ὕδατι
496 1462 695 1534 μιχθήσεσθαι.
732 1462 892 1516 Promethei
924 1480 985 1517 esse
1012 1469 1131 1534 possunt

120 1533 196 1602 (hist.
216 1535 287 1602 trag.
308 1536 380 1603 545).

190 1638 273 1692 undis
296 1638 409 1693 flemma
432 1661 448 1710 χ
473 1641 601 1695 Ferrarii
627 1642 717 1694 undas
744 1640 887 1694 flammam
909 1653 932 1710 ψ
961 1659 1024 1695 oum
1047 1641 1130 1695 undis

120 1711 235 1764 flamma
256 1711 360 1782 Grppt.

543 1790 709 1850 LXXXVII

118 1889 284 1955 ‘Animum
308 1891 440 1957 aduorte
463 1913 499 1956 ae
523 1891 609 1956 dioto
632 1895 721 1976 pare!

532 1997 551 2038 δὲ
703 1999 721 2040 *

617 2043 635 2084 *

118 2103 252 2168 Praeter
274 2104 450 2190 rogitatum
473 2105 501 2168 si
523 2104 628 2168 hisoes

122 2297 127 2308 ι
191 2225 287 2306 Cicero
304 2242 364 2306 pro·
374 2224 489 2279 Rabirio
508 2225 583 2279 Post.
601 2231 646 2294 11,
663 2232 696 2279 29
719 2227 850 2307 ‘regum
869 2229 965 2280 autem
979 2228 1045 2280 sunt
1059 2226 1129 2279 haec

118 2296 631 2439 hrpapelplriplgeapffiuffedagffipte
662 2313 699 2350 ac
727 2296 820 2350 d1oto
847 2313 941 2366 pare;
975 2299 1005 2351 et
1030 2297 1070 2368 [2]
1100 2300 1129 2350 et

191 2480 207 2527 2
227 2473 251 2526 si
277 2473 368 2527 hisces
395 2474 493 2541 serr'psi
515 2471 538 2525 si
561 2473 612 2542 (eet
635 2471 682 2542 sit)
704 2472 750 2543 pie
774 2475 826 2541 (vel
848 2472 923 2542 piae)
943 2494 964 2527 ω
988 2472 1012 2525 si
1036 2471 1128 2542 sapies

120 2546 257 2616 Berplce'us
275 2543 374 2614 supple
393 2545 548 2599 Pulmere'as
566 2542 591 2596 si
609 2543 677 2611 quid
696 2545 827 2598 Halmius
895 2545 954 2600 Vero
971 2560 1051 2598 versu
1068 2543 1129 2596 Ani-

118 2634 197 2670 mum
216 2633 240 2670 a.
260 2632 293 2668 ac
313 2616 338 2670 d.
357 2633 384 2684 p.
404 2617 433 2668 et
450 2616 562 2683 praeter
579 2613 734 2684 rogitatum
753 2613 805 2668 sile
823 2615 885 2670 Bue

529 2747 712 2805 LXXXVIII

115 2849 255 2913 Peretnt
278 2848 385 2932 amici,
409 2847 484 2911 dum
507 2847 631 2911 inimici
654 2871 718 2911 una
741 2848 945 2912 intercidant!

190 2968 285 3024 Cicero
303 2985 354 3038 pro
372 2985 438 3038 rege
457 2968 590 3022 Deiotaro
610 2973 639 3037 9,
654 2975 687 3022 25
712 2969 758 3022 ‘de
776 2968 900 3023 Domitio
925 2969 998 3022 dixit
1015 2985 1128 3022 uersum

118 3041 255 3096 Graecum
279 3041 379 3093 eadem
402 3039 554 3108 sententia,
578 3057 635 3108 qua
653 3039 740 3094 etiam
757 3057 808 3093 nos
827 3040 963 3094 habemus
981 3039 1126 3094 Latinum:

115 3112 275 3182 pereant’
296 3127 319 3165 e.
339 3128 365 3178 q,
385 3129 405 3164 s.
498 3111 610 3164 ‘uersus
638 3109 788 3165 immanis!
826 3111 1001 3180 Augustinus
1029 3113 1128 3164 eontra

117 3184 253 3236 Faustum
272 3188 304 3236 16
325 3181 414 3235 ‘siout
431 3184 475 3235 est
492 3181 544 3234 illa
561 3181 710 3235 notissima
728 3184 757 3234 et
775 3182 952 3249 quarundam
969 3182 1126 3236 litterarum

116 3253 269 3308 memoriae
301 3253 497 3306 sommendata
528 3251 634 3306 furiosa
667 3252 822 3308 sententia:
853 3253 986 3321 pereant'
1016 3269 1039 3308 e.
1058 3270 1085 3320 q.
1105 3270 1125 3306 s.

117 3324 227 3379 Graeca
254 3323 333 3378 varis
362 3322 517 3393 comparari
545 3322 624 3392 lieet,
652 3322 779 3392 inprimis
808 3324 903 3393 adesp.
929 3327 1001 3394 trag.
1021 3329 1072 3378 362
1087 3323 1129 3378 N’

118 3393 218 3464 ἐρρέτω
238 3393 318 3465 φίλος
337 3396 388 3450 σὺν
407 3391 509 3468 ἐχθρῷ.

188 3518 245 3555 una
263 3500 371 3555 inimici
389 3500 530 3556 intereant
548 3523 564 3572 χ
