2630 3886
151 147 216 212 278
323 148 373 202 EX
390 149 556 204 iaculans
575 149 816 205 INOERTORVM
834 151 991 206 FABVLIS

151 307 182 360 in
200 273 343 362 Doriatum
366 308 441 364 OGL.
461 309 500 363 IV
518 328 545 379 p.
561 315 614 365 564
632 309 664 364 K.
700 310 896 364 ‘soloecismus
918 355 1012 366 .....
1031 327 1082 380 per
1104 328 1168 380 per-

152 395 248 448 sonas,
273 379 359 435 sicut:
383 379 507 435 Danai’
529 397 552 436 9.
572 400 598 449 q.
619 399 639 435 9.
680 383 757 450 ‘proz
781 381 840 449 qui
861 381 994 452 paretis
1019 381 1166 438 sumite.’

151 449 587 578 ἰ(Ξιιιιὲΐ111.θ1101ξ11ω191.74Τ119911191
610 453 718 506 dietum
740 453 817 520 quod
840 453 1043 508 Demosthenes
1067 453 1170 508 laudat

220 629 464 700 Imtemopatimeem
481 632 637 699 imperativi
654 633 683 685 oi
699 633 782 702 fwapi
794 633 865 687 vidit
878 650 898 687 a
951 616 1026 700 quod
1044 632 1169 702 primum

152 699 264 768 Pompei
278 718 307 769 p.
324 707 374 754 291
397 703 488 756 Berol.

634 781 688 838 XX

94 895 128 944 35
147 878 251 944 Dianai
275 882 331 964 qui
353 883 468 966 parint
485 880 623 967 Atridis,
647 883 744 966 quim
762 883 904 966 primum
922 905 1012 948 arma
1032 886 1166 950 sumitel

219 1001 323 1056 atrides
350 1003 459 1059 Dormti
485 1004 576 1058 Beroi.
605 1002 691 1058 atridi
719 1004 832 1072 Pompei
851 1022 880 1073 p.
897 1010 947 1057 291
972 1005 1076 1060 Porise.
1103 1006 1161 1075 GP,

147 1073 238 1128 Remi.
258 1073 374 1128 Atridae
388 1093 408 1129 a
461 1075 537 1142 quod
550 1074 671 1144 primum
684 1074 714 1127 in
729 1075 843 1144 Pompei
852 1093 882 1144 p.
898 1081 948 1128 291
965 1076 1056 1131 Berol.
1078 1095 1165 1146 quam

151 1147 212 1212 (om.
231 1143 364 1214 primum)
385 1147 476 1200 Paris.
494 1147 522 1199 B
622 1225 694 1282 XXI

521 1324 748 1410 crispisulcans
771 1325 904 1412 igneum

147 1412 284 1478 Fulmen

219 1535 314 1590 Cicero
329 1535 424 1606 ¹Topic.
442 1541 483 1604 16,
498 1541 530 1590 61
553 1537 627 1589 ‘cum
647 1539 742 1590 autem
761 1535 815 1590 erit
833 1535 900 1590 talis
922 1553 1016 1608 causa,
1036 1542 1068 1593 ut
1086 1539 1116 1594 in
1131 1558 1166 1596 ea

146 1622 204 1660 non
223 1605 260 1660 sit
278 1605 419 1661 efficiendi
437 1605 605 1676 necessitas,
623 1606 783 1662 necessaria
802 1607 944 1662 conclusio
962 1625 1019 1662 non
1038 1611 1166 1680 sequitur

208 1680 238 1730 at
261 1695 323 1731 cum
343 1677 378 1730 in
395 1677 511 1732 Aiacis
530 1695 649 1732 nauem
668 1677 865 1748 crispisulcans
883 1677 901 1732 i.
921 1678 939 1733 f.
959 1678 1095 1736 iniectum
1112 1687 1165 1753 est,

146 1748 335 1822 inflammatur
353 1749 434 1803 nauis
453 1749 630 1804 necessario’
660 1749 699 1804 cf.
719 1749 799 1803 Accii
818 1749 889 1804 olus.
909 1749 942 1804 11.
957 1750 983 1804 V

614 1883 700 1941 XXII

56 2051 58 2056 ,
148 1981 301 2066 [Marte‘m
324 1982 441 2068 fatigat
462 1983 617 2070 pr6digus
640 1983 728 2047 uitae
751 1983 865 2068 furor]

216 2103 327 2158 Servius
346 2101 506 2157 (lentimetr.
526 2102 602 2158 CGL.
620 2103 659 2158 IV
673 2109 725 2158 458
744 2103 776 2160 K.
804 2103 1026 2159 ‘Archilochium
1045 2109 1159 2161 constat

144 2174 270 2228 trimetro
294 2173 463 2242 acatalecto,
489 2177 521 2228 ut
544 2177 587 2228 est
609 2175 674 2230 hoe:
698 2176 832 2229 Martem’
858 2191 880 2229 9.
896 2193 922 2244 q.
938 2194 958 2230 9.
997 2176 1157 2232 Confictum

145 2261 204 2300 9999
237 2262 254 2299 9
282 2244 377 2299 Servio
405 2245 507 2300 statuit
528 2263 560 2314 a,
592 2248 668 2300 recte
698 2246 768 2302 vid.:
800 2246 833 2300 cf.
862 2247 898 2300 M.
923 2247 1032 2301 Hertaii
1062 2266 1157 2319 progr.

144 2315 259 2370 Vratisl.
281 2321 349 2370 1880
367 2335 393 2386 p.
410 2323 443 2371 10
463 2317 527 2372 adn.
543 2323 558 2370 6
579 2317 684 2386 (901911.
704 2317 827 2386 LXVIII)

601 2449 703 2508 XXIII

147 2549 302 2635 Suprema
327 2551 404 2614 belli
429 2601 559 2615 .....
583 2552 711 2634 potensi

216 2672 317 2726 Festus
340 2690 368 2742 p.
389 2677 440 2726 305
459 2673 496 2726 M.
531 2671 774 2742 ‘supp[remum
800 2672 883 2726 modo
911 2672 1064 2746 significat]
1088 2692 1165 2728 sum-

146 2760 235 2811 mum,
259 2746 292 2796 ut
313 2744 389 2815 [cum
408 2742 478 2796 dicit
493 2785 570 2797 .....
572 2743 583 2814 ]
603 2758 780 2811 suppreme
799 2743 856 2796 bel
871 2787 1163 2802 .................

147 2815 364 2884 ...potens’
396 2813 514 2898 ¹Senarii
531 2813 623 2866 frusta
641 2813 759 2882 agnovit
778 2813 910 2884 Scaliger.
989 2875 991 2880 ,

215 2923 297 2990 pater
322 2922 407 2988 atque
431 2936 570 2973 armorum
593 2921 721 2974 mammam
744 2921 832 2990 capiet
917 2924 999 2990 pater
1025 2939 1163 2994 supreme,

145 2990 215 3046 belli
234 2995 263 3044 et
282 3007 422 3045 armorum
440 3010 467 3060 p.
487 2991 609 3062 Scaliper

604 3123 702 3182 XXIV

91 3241 126 3289 40
417 3271 422 3278 =
617 3225 759 3309 inplcrit
781 3225 877 3289 fidem

146 3330 235 3395 Iouis
257 3331 442 3416 hispitelis,
466 3329 580 3395 (iiiios
603 3331 708 3395 omnis
731 3333 895 3396 conuocat.

218 3450 313 3505 Cicero
341 3467 384 3520 ep.
414 3452 450 3504 ad
474 3450 609 3515 Quintum
633 3451 749 3506 fratrem
767 3452 885 3520 1110,3
915 3453 1021 3508 ‘multa
1049 3453 1108 3507 dixi
1129 3455 1162 3510 in

145 3519 302 3588 ignobilem
320 3537 427 3590 regem,
449 3520 551 3589 quibus
570 3525 647 3576 totus
666 3525 710 3576 est
728 3522 871 3592 explosum
890 3541 945 3592 quo
964 3541 1066 3594 genere
1084 3543 1162 3582 com-
