2624 3888
548 179 577 234 L.
597 177 722 233 ACCIVS
1073 180 1137 244 217

126 354 199 390 num
222 340 251 391 et
273 355 377 392 nouum
400 337 562 392 uehiculum
584 339 810 406 Argonautarum
833 355 848 391 e
870 342 965 393 monte
986 339 1139 408 conspexit,

125 407 222 477 primo
241 409 383 463 admirans
402 413 432 464 et
448 408 612 479 perterritus
631 409 684 462 hoc
702 410 785 463 modo
803 409 929 477 loquitur
947 410 991 482 [1].
1019 410 1141 464 Dubitnt

125 478 234 548 primo,
263 496 335 548 quae
362 479 399 534 sit
423 497 456 534 ea
479 483 594 548 natura,
622 497 707 547 quam
730 479 819 534 cernit
841 479 981 551 ignotam,
1009 481 1139 549 idemque

124 549 280 604 iuuenibus
303 551 372 605 uisis
398 551 550 619 auditoque
568 551 682 605 nautico
702 555 786 605 cantu
805 552 978 623 [ros-406}
1015 551 1089 622 Ergo
1108 555 1141 606 ut

126 621 178 674 hic
205 621 295 690 primo
323 626 439 692 aspectu
465 622 621 676 inanimum
648 622 784 690 quiddam
807 639 945 691 sensuque
967 639 1088 677 uacuum
1111 639 1140 676 se

125 695 215 762 putat
238 709 362 762 cernere,
385 697 450 763 post
473 696 567 748 antem
591 693 679 763 signis
697 693 876 763 certioribus,
899 694 983 762 quale
1002 693 1039 748 sit
1056 693 1087 746 id
1105 694 1140 747 de

127 779 188 832 qno
208 763 398 832 dubitauerat
416 764 518 834 incipit
531 763 679 834 suspicari:
699 764 739 819 sic
756 765 934 836 philosophi’
955 781 978 820 e.
993 783 1019 834 q.
1035 783 1056 819 c.
1078 765 1141 833 (Hic

127 835 211 888 locus
244 835 324 889 deest
354 835 385 890 in
410 835 494 891 Vind.
528 838 557 889 et
583 835 654 904 Pal.)
694 834 853 890 Priscianus
886 837 920 890 de
951 835 1047 891 metris
1079 836 1140 890 Ter.

130 905 211 960 CGL.
230 905 269 959 ΙΠ
287 925 313 976 p.
338 913 391 961 424
409 907 442 962 K.
485 905 597 960 ‘Accius
629 906 663 960 in
691 907 901 977 Argonautis
931 924 969 962 ex
996 923 1141 977 persona

129 976 302 1046 pastoris,
322 977 380 1046 qui
397 977 539 1047 primam
557 977 649 1031 uidit
661 995 781 1032 nauem
794 980 883 1048 Argo
898 979 1023 1050 [10-12.
1039 979 1140 1050 2-4].’

129 1047 243 1102 Nonius
263 1054 342 1116 90‚8
364 1048 547 1118 ‘conciere,
568 1065 631 1102 cum
648 1049 860 1118 perturbatione
879 1066 1051 1106 conmouere.
1079 1050 1142 1104 Ac-

127 1117 206 1182 cius
225 1119 344 1174 Medea
363 1120 423 1192 [9].’

203 1251 220 1296 2
240 1242 341 1313 spiritu
355 1244 518 1300 Risoicsnns
536 1245 655 1314 strepitu
671 1245 807 1301 Ciceronis
821 1267 842 1300 ω
896 1254 913 1300 4
927 1245 1066 1315 respargit
1080 1243 1141 1300 Eri.

128 1313 312 1384 respergitrp
375 1315 457 1368 reflat
474 1317 638 1371 Priscianus
654 1315 768 1385 profluit
788 1317 880 1372 Cicero
944 1322 1046 1370 tuum
1066 1315 1142 1386 Ciop.

129 1390 207 1456 (item
223 1404 248 1440 o.
264 1388 291 1455 6)
346 1391 362 1439 6
381 1385 485 1458 uentis]
504 1386 610 1441 uertice
628 1389 764 1458 Berptins
819 1392 833 1440 7
852 1387 990 1457 procellas
1008 1388 1144 1458 Berytins

188 1463 223 1511 10
242 1456 352 1511 anforte
365 1457 426 1511 Cic.
446 1458 524 1512 Leid.
544 1459 572 1511 B
591 1463 638 1525 (an
656 1457 757 1526 fortet)
830 1463 862 1511 11
882 1457 1002 1512 undanti
1023 1456 1143 1510 infracto

131 1529 222 1584 Prisc.
239 1528 320 1583 Pars.
335 1528 404 1597 AR,
424 1529 483 1583 Vnt.
499 1529 577 1583 Leid.
593 1531 621 1584 V
635 1529 774 1583 undantes
790 1529 907 1582 ueniant
920 1529 992 1582 freto
1009 1528 1144 1583 Ciceronis

130 1621 152 1653 ω
193 1659 196 1664 ,
230 1605 263 1652 12
283 1601 314 1652 at
336 1599 434 1654 Leidd.
457 1599 525 1668 AC,
549 1617 599 1655 orn.
623 1601 684 1656 Eri.
757 1599 841 1670 erigit
858 1601 1053 1655 Lachmannns
1071 1597 1145 1652 eruit

131 1671 228 1726 Cicero
248 1677 273 1724 et
291 1669 454 1724 Priscianus
472 1670 578 1725 euomit
599 1672 721 1742 Tonpins
739 1671 835 1725 euehit
854 1671 982 1726 Kiotiins

587 1875 696 1933 Π.ΠΙ

132 1983 229 2048 Sicut
251 1983 364 2048 lasciui
387 1989 484 2068 atque
507 1985 626 2049 cilacres
649 1985 763 2049 rostris
785 1985 985 2069 perfremunt

132 2089 305 2175 Delphini,
327 2091 406 2155 item
430 2091 495 2155 alto
518 2091 639 2156 mulcta
663 2090 791 2156 Siluani
809 2093 894 2157 melo

134 2193 345 2260 Consimilem
368 2197 518 2261 adamis
541 2198 669 2262 ctutum
693 2202 726 2262 ot
748 2198 893 2262 auditum
916 2199 1021 2262 refert.

1146 2059 1199 2107 404

1147 2148 1199 2196 405

135 2339 156 2352 ”’
210 2340 293 2390 1-3ε
313 2336 374 2390 Bne
392 2338 563 2391 continuarit
581 2338 614 2403 cf.
634 2337 724 2391 ceroti.
743 2335 863 2406 LVHsp.
921 2342 935 2389 1
956 2336 1028 2390 siout
1046 2334 1147 2390 lasciui

132 2408 236 2476 scripsi
258 2405 331 2460 sicut
353 2405 434 2460 inciti
452 2419 475 2474 ψ
499 2405 539 2460 sic
563 2410 614 2460 aut
635 2406 716 2460 inciti
739 2409 804 2461 olim
827 2409 952 2462 dederam
976 2405 1016 2460 aio
1034 2405 1146 2459 incitati

136 2479 216 2548 Ciop.
240 2475 317 2530 simis
335 2476 416 2530 inciti
434 2478 631 2532 Lachmannns
654 2477 727 2531 sicut
749 2477 853 2531 conciti
870 2495 950 2547 prop.
970 2478 1033 2531 Bne
1086 2493 1147 2545 per-

134 2547 281 2602 fremitum
308 2549 369 2603 Fri.
417 2548 549 2602 erfricant
577 2549 684 2603 ‘novem
710 2549 787 2619 Arpo
811 2548 926 2603 scilicet’
952 2548 1148 2602 Lachmannns

191 2625 255 2690 tsq.
283 2618 352 2672 item
380 2567 439 2673 alto
466 2619 572 2674 mulcta
600 2621 698 2688 scripsi
723 2618 793 2674 item
818 2617 876 2672 alia
899 2617 990 2672 multe
1018 2638 1052 2686 n,
1079 2634 1148 2687 qnae

135 2693 219 2762 culpo
238 2708 292 2760 pro
316 2690 451 2746 Ciceronis
468 2691 555 2746 verbis
572 2692 741 2746 habebantnr
758 2689 827 2744 item
845 2689 897 2743 illa
915 2692 993 2744 mota
1010 2690 1052 2744 nel
1068 2690 1148 2742 muta

131 2779 214 2831 prop.
234 2761 296 2816 Bne
318 2760 387 2814 item
407 2761 466 2815 alta
488 2761 576 2816 moles
597 2763 666 2817 coni.
688 2761 896 2817 CFWMneiler
949 2791 951 2796 ·
968 2766 984 2813 3
1003 2758 1148 2814 consimile

138 2833 278 2888 Ciceronis
295 2851 317 2885 ω

622 2948 666 3007 IV

137 3043 222 3144 'Ego
246 3080 297 3122 mc
321 3058 440 3122 extollo
464 3057 499 3122 in
521 3059 673 3144 ibietem‚
701 3060 764 3124 alte
788 3062 921 3124 extrito
944 3058 1149 3141 prospectum

778 3170 911 3248 adoupo.

212 3287 284 3341 Non.
303 3292 418 3355 467,19
444 3286 643 3355 ‘aucupaui‚
668 3285 792 3338 aotiuum
815 3284 939 3354 positum
961 3300 1012 3353 pro
1036 3282 1150 3351 passiuo

141 3403 166 3414 ..
180 3403 184 3412 .
201 3357 301 3412 Accius
320 3359 494 3427 Astyanacte
509 3399 514 3413 .
527 3400 550 3412 ..
566 3356 641 3410 idem
654 3355 777 3410 'Medea
795 3357 847 3410 ...’

177 3503 178 3508 ¹
214 3481 304 3537 altam
322 3482 441 3536 Boihins
494 3482 672 3549 prospectum
692 3479 856 3534 Gulielmius
873 3482 1055 3549 prospectans
1074 3499 1095 3532 ω

107 3601 110 3606 .
141 3569 286 3623 aucupans
304 3569 325 3608 x
