2618 3900
512 175 549 230 M.
569 175 748 230 PAOVVIVS
1070 177 1131 240 141

122 334 265 390 Pacuuius
287 351 392 389 nouare
415 333 590 404 propositum
612 336 709 390 uolens
732 335 824 390 noluit
846 336 921 390 intra
938 335 1020 391 binos
1039 337 1133 406 pedes,

122 409 157 460 ut
182 405 320 476 superius,
344 405 423 460 finire
447 423 571 475 sensum,
595 407 644 461 sed
663 408 815 462 secundum
833 407 995 476 Euripidem
1014 407 1133 478 dactyli-

122 496 190 532 cum
212 480 331 531 metrum
353 478 429 545 quod
452 478 611 548 appellatur
633 478 757 545 induxit,
776 482 808 533 ut
825 478 946 532 nominis
965 478 1133 548 (mominisi)

120 549 246 602 mutatio
274 548 468 602 diuersitatem
494 550 587 618 daret,
615 549 776 604 huiusmodi
804 549 919 604 sissimo
946 567 994 604 seu
1016 549 1133 618 periodo

121 639 194 674 usus
209 621 261 674 ...’
299 620 473 674 Baccharum
500 619 530 674 iu
553 620 677 690 Antiopa
704 622 788 675 choro
810 621 913 675 tribuit
935 621 1006 676 conl.
1030 621 1062 676 fr.
1082 621 1134 674 ΧΠ

122 693 298 760 Hartungus.

199 805 213 851 1
234 797 357 852 euoluite
380 800 424 868 (cc.
449 800 605 868 e'iutcbcis)
624 799 809 870 Kiessliupius
826 799 935 853 uoluitc
953 821 973 853 ω
993 815 1056 853 eam
1073 799 1133 852 uol-

122 869 187 923 uite
213 871 332 924 uolebam
359 869 474 923 auellite
492 871 555 924 Buc
627 887 706 924 coma
728 873 849 925 tractate
872 873 1063 942 couiuupeudu
1081 887 1134 925 esse

121 942 197 997 cidit
215 941 346 996 Vscuerus

618 1039 646 1095 V
984 1119 989 1124 ,

871 1122 924 1187 ah!
937 1183 939 1186 .

109 1210 253 1294 ⁴Cepisti
275 1233 326 1274 me
348 1211 430 1276 istoc
452 1209 566 1296 uirbo,
589 1211 759 1275 miseretur
781 1212 838 1276 tui.

198 1332 271 1404 Non.
290 1337 351 1401 477,
368 1338 400 1386 16
420 1331 617 1386 ‘miseretur
634 1349 684 1401 pro
703 1331 817 1386 miseret
832 1333 884 1388 ...’

200 1445 263 1508 isq.
293 1441 323 1492 at
350 1439 397 1508 (ad
421 1439 500 1494 BuL
527 1455 560 1492 ac
587 1457 722 1508 suprascr.
748 1439 798 1508 W)
827 1437 926 1509 cepisti
949 1459 970 1492 ω
998 1439 1135 1492 Atalanta

123 1511 220 1582 (quusi
237 1511 348 1577 fabulae
366 1513 486 1582 comem:
506 1509 606 1579 cepisti
620 1511 760 1566 Merccrus
778 1512 840 1564 atat
858 1509 958 1579 cepisti
974 1510 1136 1565 Gulielmius

182 1587 198 1634 2
217 1597 262 1634 me
280 1598 331 1636 oui.
350 1582 390 1650 L,
408 1589 440 1636 ui
457 1583 560 1652 iuteper
575 1583 703 1636 »seuerius
722 1581 770 1636 ah!
798 1581 898 1650 cepisti
916 1599 936 1636 c.
956 1599 979 1650 q.
997 1598 1018 1636 s.
1038 1582 1136 1636 euadat

181 1651 255 1705 istoc
273 1652 359 1706 uerbo
379 1651 519 1708 Merccrus
537 1651 592 1706 isto
612 1670 675 1706 cum
688 1653 779 1706 herbo
799 1653 876 1722 (erbo
895 1653 944 1720 W)
964 1673 984 1705 ω

611 1803 654 1860 V'I

125 1903 263 1970 Misere't
285 1924 349 1987 me,
372 1902 513 1967 lacrimis
535 1903 648 1990 lingua
671 1903 824 1968 debiliter.
842 1906 958 1988 stupet.
1138 1922 1189 1971 355

200 2024 274 2078 Non.
294 2030 390 2092 98,17
416 2024 611 2093 ‘debiliter‚
635 2023 803 2079 debilitate!
836 2025 897 2080 Hoc
920 2028 949 2080 et
967 2043 1084 2094 sequens
1104 2025 1136 2080 11,

124 2095 223 2167 potuit
249 2095 279 2148 iu
302 2094 426 2164 Antiopa
448 2096 541 2150 locum
563 2097 680 2165 habere3
704 2095 759 2150 nisi
782 2096 855 2150 forte
878 2097 910 2152 fr.
930 2097 968 2151 VI
991 2114 1025 2151 cx
1047 2097 1137 2151 Iliona

125 2167 224 2238 potius
244 2168 404 2236 excerptum
423 2169 473 2220 est.

602 2265 662 2322 VH

128 2364 200 2442 Qua
222 2368 254 2428 te
278 2364 446 2448 idplicasti
468 2366 576 2430 tamen
600 2367 760 2430 aerumnis
783 2366 920 2430 obruta?

199 2484 359 2540 Priscianus
378 2505 404 2555 p.
425 2492 476 2540 860
491 2488 520 2540 Ρ.
552 2487 641 2556 ‘plico
664 2487 753 2556 plicas
776 2487 864 2556 plicui
882 2487 929 2540 uel
947 2486 1079 2555 plicaui

128 2556 274 2611 inuenitur
295 2559 391 2610 tamen
410 2557 496 2612 etiam
515 2575 578 2612 cum
594 2558 802 2628 praepositione
819 2559 850 2612 in
869 2557 916 2612 aui
934 2557 1040 2611 faciens
1058 2573 1137 2628 prae·
1187 2573 1192 2583 ·

127 2628 258 2698 teritum,
279 2629 328 2681 sed
346 2627 376 2681 in
394 2645 457 2683 raro
475 2647 537 2686 usu.
562 2629 702 2683 Pacuuius
718 2631 770 2685 ...’
809 2629 849 2684 of.
864 2628 1004 2698 Antiopae
1017 2629 1050 2684 fr.
1065 2628 1136 2683 XIV.

201 2752 258 2804 qua
276 2735 324 2789 Ba
346 2752 419 2803 quae
438 2758 459 2806 φ
483 2753 539 2804 quo
558 2737 676 2792 Boihius
698 2735 764 2805 quoi
782 2754 803 2792 u
877 2735 1028 2805 adplicasti
1046 2737 1138 2808 Bruc-

126 2859 228 2898 1111
252 2817 668 2911 sapientissisimus
691 2844 828 2914 (appias
908 2846 969 2897 iam
993 2845 1052 2900 eu.
1075 2849 1139 2898 aute

126 2913 330 2968 Asccusicuuu
347 2933 373 2968 u.
393 2918 470 2981 1516,
495 2915 605 2970 Vossius
624 2915 669 2969 ‘cu
686 2916 745 2970 ms!
803 2918 863 2968 tam
881 2931 937 2970 aer.
957 2914 1129 2985 adplicauist

123 3001 206 3054 1101)·
225 3001 246 3040 u

595 3065 670 3124 VIII

715 3149 794 3232 quin
816 3149 913 3214 etiaim
936 3149 1037 3232 ferae,

129 3253 258 3331 Quibus
280 3253 371 3318 abest
395 3254 435 3318 ad
457 3255 711 3338 praicauendum
734 3254 941 3340 inte'llegendi
964 3254 1095 3339 astutia,

128 3359 248 3425 Mortis
271 3359 390 3424 iniecto
413 3364 535 3424 terrore
557 3359 748 3425 horriscunt
771 3411 884 3425 ......

202 3481 299 3536 Cicero
318 3482 352 3536 de
371 3481 416 3536 fin.
432 3481 457 3536 V
472 3488 514 3550 11,
529 3486 561 3534 31
585 3483 691 3536 ‘omncs
709 3483 787 3535 metu
804 3479 902 3534 mortis
922 3480 1049 3536 afficiunt

127 3553 212 3622 quin
231 3552 337 3606 etiam
355 3551 462 3622 ferae,
481 3552 574 3622 inquit
591 3552 739 3622 Pacuuius,
758 3550 881 3620 quibus
901 3552 999 3606 abest
1018 3554 1058 3607 ad
1077 3573 1103 3622 p.
1121 3553 1138 3605 1,
