2590 3890
536 167 567 233 Q.
586 166 722 222 ENNIVS

566 345 569 354 '
604 335 664 396 VII

123 437 194 516 Qus
213 437 346 522 eupiunt
369 437 443 503 dare
466 437 555 502 arma
577 433 713 524 Achilli,
735 436 765 502 ei
787 434 851 522 ipsi
874 441 1024 506 eunotent
1039 489 1067 503 ..

197 559 270 614 Non.
294 565 360 627 469,
381 564 416 614 26
451 559 633 613 ‘eunotant
663 575 714 628 pro
746 560 921 613 cunctantur.
963 557 1135 615 Accius...

125 630 233 686 Ennius
260 629 425 685 Ambracias
452 629 525 685 bene
552 645 661 686 mones:
694 630 769 684 tute
796 629 870 699 ipse
897 633 1042 700 eurotam,
1070 629 1136 685 uide

124 702 230 757 fortem
247 697 346 757 uirum.
383 701 462 755 Idem
479 700 639 755 Hectoris
658 699 761 770 lytris
777 701 830 756 ...'

192 808 225 893 ‘ei
243 807 298 878 ipsi
312 809 447 878 proposed
462 809 555 864 coroll.
573 807 664 862 XXIV
685 810 718 862 ut
735 806 796 878 ipso
815 827 850 864 o:
872 826 897 864 e.
916 825 1009 878 supra.
1030 810 1063 862 ut
1081 807 1137 878 ipsi

122 881 272 1008 &tarbuam
289 879 509 1023 eaeeffselllgff
525 879 742 1004 guppmnrutrun
763 895 870 934 sumere
885 895 965 950 prop.
985 879 1047 934 Rue
1100 881 1135 948 os.

592 1028 668 1090 VIII

124 1131 216 1210 Quae
238 1153 309 1197 mea
332 1130 510 1196 comminus
533 1129 701 1195 machaera
723 1134 820 1216 atque
842 1129 935 1195 hasta
959 1130 1096 1196 hostibit
1119 1133 1137 1196 e

764 1259 870 1304 manu.

196 1359 296 1415 Festus
323 1377 350 1429 p.
370 1365 423 1416 270
440 1359 478 1414 M.
516 1357 688 1414 ‘redhostire
711 1390 746 1399 -
768 1375 835 1414 num
863 1360 897 1414 et
923 1359 1058 1416 hostire
1084 1377 1136 1430 pro

122 1447 248 1502 aequare
269 1433 430 1500 posuerunt.
467 1429 573 1484 Ennius
597 1430 627 1484 in
649 1429 820 1500 Cresphonte
890 1432 924 1484 et
941 1430 1135 1488 inuectoris

78 1584 81 1591 Ι
123 1501 213 1573 lyris
229 1503 283 1557 ...’
303 1505 383 1572 (corr.
402 1499 540 1573 Vrsinus.)
663 1520 665 1528 ¹

195 1624 268 1676 quae
291 1609 408 1664 Vraa'uue
432 1624 486 1677 que
505 1609 562 1664 eod.
635 1606 756 1662 hostibit
774 1623 789 1662 e
808 1625 894 1662 manu
913 1606 968 1663 Aa.
987 1607 1136 1664 Schoello‘ua

121 1679 241 1749 hospius
263 1697 349 1734 manu
368 1681 426 1737 eod.
454 1678 574 1734 hostiuit
592 1695 607 1733 e
625 1696 711 1734 mauu
730 1679 852 1751 Souliyer
880 1677 1000 1732 hostiuit
1018 1695 1135 1733 emarus

124 1751 156 1808 0.
177 1751 299 1806 Mueller
610 1829 653 1888 IX

122 1930 191 1996 Aea
213 1931 313 2016 sonit,
335 1931 528 2018 franguntur
550 1930 675 2016 hastae,
698 1931 784 1996 terra
805 1929 899 1996 sudat
921 1930 1085 2017 sanguine.
1136 1947 1188 1998 150

121 2043 268 2186 lmlzlosn.
293 2048 359 2141 ⁵9⁴¹
377 2048 412 2098 82
442 2042 551 2098 ‘sonit
577 2059 628 2113 pro
656 2045 778 2099 sonat..
795 2087 800 2098 .
815 2043 922 2098 Ennius
949 2042 1133 2098 Haeetoris

196 2229 244 2267 aes
263 2213 301 2267 N.
323 2211 414 2268 Faber
432 2214 461 2266 et
480 2232 501 2265 ω
548 2211 630 2266 haste
648 2213 741 2266 terrae
760 2213 806 2268 Bu

616 2345 644 2404 X
679 2391 682 2397 .

124 2445 295 2532 censistit,
318 2446 427 2531 orodd,
450 2444 656 2532 Scamander,
678 2446 808 2512 arbores
831 2447 929 2512 uento
951 2450 1080 2532 uagant.

194 2559 267 2614 Non.
288 2564 353 2628 467,
369 2564 402 2614 31
434 2560 490 2612 ‘ua
519 2576 554 2613 as
581 2575 632 2628 pro
658 2559 772 2630 uagaris
788 2557 950 2614 ¹..Ennius
973 2557 1133 2612 Hectoris

121 2630 305 2700 lytris...’
344 2629 476 2700 (lystris
531 2629 706 2700 Lcorr.W)
748 2628 861 2686 Contuli
882 2627 996 2715 Homeri
1018 2627 1050 2683 Il.
1069 2629 1135 2682 XXI

123 2708 199 2756 326s
221 2747 227 2756 .

195 2720 304 2854 ilrboris
323 2819 345 2852 ω
390 2800 495 2853 uacant
512 2806 544 2854 ut
561 2800 593 2854 iu
611 2798 737 2868 Saluium
757 2796 889 2854 Columna
908 2803 933 2854 et
952 2797 1099 2855 Frateriue

607 2931 837 3080 XIsublimiter

121 3121 408 3208 Quouupedantss
428 3171 479 3186 ...
496 3121 659 3188 flammam
681 3120 854 3186 hdlitautea
874 3173 927 3188 ...

120 3231 346 3362 Lusffiognedes
368 3252 396 3304 p.
416 3238 466 3288 836
486 3233 516 3291 Ρ.
560 3231 672 3288 ‘halare
703 3235 732 3288 et
762 3232 924 3288 halitare.
965 3231 1072 3286 Ennius
1101 3231 1133 3285 in

194 3410 209 3458 1
230 3402 389 3458 sublimiter
411 3402 563 3459 Seriverius
585 3400 743 3456 sublimiter
760 3403 793 3454 ut
811 3401 877 3456 Par.
896 3403 925 3458 B
943 3399 1060 3454 lublime
1079 3399 1134 3455 iter

121 3475 188 3530 Par.
207 3475 236 3528 A
254 3473 372 3528 lublime
389 3472 459 3529 item
474 3473 589 3528 Monac.
667 3479 682 3526 2
704 3471 945 3540 quadrupedantis
964 3472 1030 3526 Par.
1050 3471 1078 3524 B

120 3564 144 3600 a.
162 3545 306 3600 flammam
324 3544 478 3600 halitsntes
499 3543 694 3613 quadrupedes
713 3545 852 3600 amrium
866 3559 947 3612 prop.
966 3541 1029 3596 Bue

1135 3091 1187 3141 153

1134 3181 1187 3230 154
