2618 3900
550 117 587 172 M.
607 117 785 172 PAOVVlVS

441 304 494 362 EX
517 303 703 363 moneris
726 303 896 384 FABVLIS

661 428 676 486 I

560 529 676 594 Pastor

167 634 291 700 Exorto
315 635 440 721 iubare,
463 637 567 700 noctis
591 636 722 700 decurso
746 633 861 698 itinere

238 757 326 811 Varro
346 757 381 810 de
399 757 586 812 l.l.V16M.
608 759 655 810 ‘ut
674 759 739 810 ante
758 755 845 810 solem
866 758 965 824 ortum,
985 755 1061 824 quod
1080 756 1186 810 eadem

169 828 252 882 stella
270 831 388 882 uocatur
405 828 517 897 iubar,
544 830 619 897 quod
637 827 748 896 iubata,
772 827 876 882 Pacui
900 827 969 882 dicit
987 829 1108 896 pastor
1124 873 1129 883 .
1143 871 1149 882 .
1162 829 1180 881 .’

167 899 276 953 Ibidem
294 899 345 954 VlI
365 905 397 952 76
412 899 449 954 Μ.
488 899 602 954 ‘iubar
618 945 623 955 .
640 944 644 954 .
662 943 668 955 .
683 899 766 952 huius
795 901 871 952 ortus
900 897 1042 968 significat
1068 897 1186 952 circiter

169 987 229 1024 esse
257 973 410 1024 extremam
431 973 556 1039 noctem
583 971 680 1039 itaque
705 970 746 1024 ait
768 969 901 1026 Pacuius:
930 969 1042 1024 exorto'
1067 985 1090 1025 e.
1111 987 1140 1038 q.
1161 988 1184 1024 s.

169 1041 310 1110 Antiopae
329 1041 443 1095 exordio
463 1042 640 1112 desumptum
658 1041 778 1096 videtur.

654 1175 685 1232 Π

168 1274 241 1340 'Odi
260 1297 319 1362 ego
338 1275 484 1340 homines
502 1275 621 1361 ignaua
640 1297 736 1358 opera
755 1277 787 1338 et
805 1273 998 1358 philosopha
1012 1275 1183 1338 sententia.

241 1397 348 1451 Gellius
367 1397 432 1451 XIII
450 1403 466 1450 8
491 1395 575 1450 ‘item
597 1411 694 1448 uersus
718 1395 809 1448 estin
828 1395 945 1449 eandem
962 1395 1049 1449 ferme
1068 1397 1184 1449 senten·

168 1468 239 1522 tiam
256 1469 382 1538 Pacuuii,
401 1485 483 1537 quem
500 1467 618 1520 Macedo
636 1465 829 1534 philosophus,
848 1465 892 1518 uir
909 1467 1008 1536 bonus,
1029 1465 1183 1520 familiaris

168 1556 255 1610 meus,
270 1540 355 1594 scribi
369 1540 469 1594 debere
484 1538 616 1593 censebat
629 1553 679 1606 pro
694 1537 801 1592 foribus
816 1536 940 1590 omnium
948 1537 1118 1608 templorum
1128 1582 1134 1592 .
1145 1582 1151 1592 .
1163 1539 1181 1593 .’

168 1611 233 1666 Non
252 1612 400 1666 abhorrere
419 1610 509 1665 aSeti
527 1610 558 1663 in
571 1607 695 1678 Antiopa
713 1625 834 1678 persona
850 1608 960 1663 monuit
973 1608 1183 1662 Valckenarius

169 1682 288 1738 Diatrib.
316 1701 343 1752 p.
369 1688 410 1736 77.
448 1679 627 1751 Comparavit
653 1679 816 1749 Hartnngus
844 1679 908 1734 Eur.
936 1683 1001 1734 rest.
1020 1681 1047 1734 Π
1064 1685 1117 1732 420
1146 1679 1182 1736 fr.

169 1753 233 1808 Eur.
254 1760 286 1807 61
302 1753 350 1808 N’.
388 1761 457 1822 μισῶ
485 1751 575 1822 σοφὸν
598 1750 674 1806 ”Οντ’
697 1746 728 1806 ἐν
750 1751 885 1820 λόγοισιν,
916 1751 944 1816 ἐς
967 1750 995 1805 δ’
1021 1751 1119 1821 ὄνησιν
1146 1753 1181 1806 οὐ

171 1891 272 1963 σοφόν,
292 1893 367 1960 quod
385 1893 415 1946 in
433 1893 558 1962 margine
577 1892 687 1947 Orionis
707 1892 736 1958 ἐξ
755 1842 959 1962 olympium
977 1909 1038 1947 esse
1056 1894 1184 1962 notatur,

170 1965 197 2018 h.
218 1981 240 2018 e.
261 1963 472 2018 Schneidewino
490 1963 643 2033 interprete
663 1964 691 2030 ἐξ
707 1963 894 2034 Ἀλεξάνδρου.

243 2069 290 2123 odi
309 2086 360 2138 ego
379 2073 421 2139 (ut
439 2071 539 2124 Plauti
551 2059 687 2140 Amphitr.
703 2073 765 2140 328)
783 2073 825 2126 cel
843 2087 908 2140 ergo
928 2069 975 2124 odi
990 2071 1108 2125 Bothics
1126 2085 1184 2139 ego

172 2140 219 2194 odi
238 2162 272 2208 ω,
296 2143 368 2210 qood
385 2143 450 2196 clim
468 2143 509 2195 ito
527 2143 635 2210 tuebar,
658 2149 690 2196 ct
704 2144 827 2210 primam
844 2159 939 2198 uersus
954 2143 1090 2212 syllabam
1108 2145 1184 2198 ccci-

172 2214 241 2266 dc'sce
267 2218 419 2266 statuerem.
456 2212 551 2266 Eruet
576 2213 691 2280 fortasse
718 2215 766 2282 qui
794 2229 845 2282 ego
874 2213 922 2266 odi
949 2213 1083 2266 homones
1108 2229 1182 2268 com-

117 2343 120 2348 ·
171 2284 296 2338 cundoet
314 2285 414 2352 (coroll.
434 2283 559 2352 XXXVI)

652 2379 699 2438 ΠΙ

172 2479 220 2544 Tu
244 2481 456 2545 cornifrontes
478 2482 607 2566 pascere
630 2483 790 2546 armentis
813 2481 905 2546 soles.

243 2601 313 2656 Non.
334 2607 398 2672 190,
413 2607 447 2656 20
473 2604 642 2656 ‘armenta
657 2646 662 2658 .
676 2646 697 2657 ..
713 2602 848 2656 feminino
871 2601 978 2656 Ennius
993 2646 998 2657 .
1011 2645 1016 2655 .
1029 2645 1034 2655 .
1049 2601 1181 2660 ninius:

172 2675 219 2728 tu’
245 2691 268 2730 e.
288 2692 314 2742 q.
334 2691 354 2728 s.
390 2673 435 2743 (cf.
455 2673 537 2728 Thilo
557 2675 594 2727 ad
613 2673 740 2728 Servium
758 2675 826 2727 Aen.
846 2673 885 2727 ΙΠ
899 2677 962 2745 540)
980 2673 1134 2742 Amphioni
1151 2674 1185 2730 in

173 2745 296 2814 Antiopa
315 2744 384 2798 scite
403 2743 504 2798 tribuit
521 2745 686 2798 Welclrerus
705 2745 750 2799 Gr.
770 2747 804 2798 tr.
823 2763 850 2814 p.
866 2751 925 2800 821.

242 2854 274 2906 tu
288 2867 402 2920 pascere
416 2849 599 2905 cornifrontes
617 2851 688 2905 soles
705 2854 845 2905 amentes
860 2852 979 2922 Nouius,
994 2869 1061 2907 corr.
1076 2851 1186 2909 Jucu'us

653 2983 697 3041 IV

118 3102 170 3151 350
215 3083 394 3171 agiteris,
418 3085 559 3150 euoluite
581 3085 697 3168 rapite,
721 3106 833 3150 coma,

218 3192 367 3256 Tractate
388 3213 446 3275 per
469 3213 580 3275 aspera
602 3192 678 3255 saxa
701 3195 733 3254 et
756 3190 905 3278 humum,

218 3297 360 3363 Scindite
382 3302 505 3362 uestem
528 3297 629 3362 ociusl

244 3419 349 3472 Marius
364 3418 524 3474 Victorinus
544 3417 590 3472 GL
604 3418 642 3472 VI
657 3425 689 3474 ⁷7
704 3419 737 3474 Κ.
769 3419 991 3489 ‘anapaesticum
1004 3418 1091 3474 melos
1106 3419 1182 3475 binis

173 3489 292 3558 pedibus
320 3493 397 3544 amat
420 3507 531 3544 sensum
554 3488 709 3561 includere,
737 3493 770 3545 ut
793 3492 868 3560 apud
891 3491 1062 3546 Accium...
1077 3489 1183 3548 Contra
