<?xml version="1.0" encoding="UTF-8"?>
<!DOCTYPE html PUBLIC "-//W3C//DTD XHTML 1.0 Transitional//EN"
    "http://www.w3.org/TR/xhtml1/DTD/xhtml1-transitional.dtd">
<html xmlns="http://www.w3.org/1999/xhtml" xml:lang="en" lang="en">
 <head>
  <title>
</title>
<meta http-equiv="Content-Type" content="text/html;charset=utf-8" />
  <meta name='ocr-system' content='tesseract 3.04.00' />
  <meta name='ocr-capabilities' content='ocr_page ocr_carea ocr_par ocr_line ocrx_word'/>
</head>
<body>
  <div class='ocr_page' id='page_1' title='image "./scaenicaeromano04ribbgoog_0338.png"; bbox 0 0 2630 3886; ppageno 0'>
   <div class='ocr_carea' id='block_1_1' title="bbox 491 97 1167 164">
    <p class='ocr_par' dir='ltr' id='par_1_1' title="bbox 491 97 1167 164">
     <span class='ocr_line' id='line_1_1' title="bbox 491 97 1167 164; baseline 0.003 -14"><span class='ocrx_word' id='word_1_1' title='bbox 491 97 651 152; x_wconf 80' lang='lat' dir='ltr'><strong>NAEVIVS</strong></span> <span class='ocrx_word' id='word_1_2' title='bbox 688 97 823 152; x_wconf 79' lang='lat' dir='ltr'>ENNIVS</span> <span class='ocrx_word' id='word_1_3' title='bbox 1100 99 1167 164; x_wconf 77' lang='lat'>323</span> 
     </span>
    </p>
   </div>
   <div class='ocr_carea' id='block_1_2' title="bbox 151 256 1167 1251">
    <p class='ocr_par' dir='ltr' id='par_1_2' title="bbox 151 256 1167 1251">
     <span class='ocr_line' id='line_1_2' title="bbox 155 256 1167 326; baseline 0.002 -16"><span class='ocrx_word' id='word_1_4' title='bbox 155 274 173 310; x_wconf 90' lang='lat' dir='ltr'>a</span> <span class='ocrx_word' id='word_1_5' title='bbox 197 256 311 310; x_wconf 83' lang='lat' dir='ltr'>senibus</span> <span class='ocrx_word' id='word_1_6' title='bbox 331 258 503 311; x_wconf 83' lang='lat' dir='ltr'>sustentatas</span> <span class='ocrx_word' id='word_1_7' title='bbox 522 260 552 311; x_wconf 87' lang='lat' dir='ltr'>et</span> <span class='ocrx_word' id='word_1_8' title='bbox 568 257 715 311; x_wconf 83' lang='lat' dir='ltr'>restitutas</span> <span class='ocrx_word' id='word_1_9' title='bbox 727 256 886 326; x_wconf 83' lang='lat' dir='ltr'>reperietis.</span> <span class='ocrx_word' id='word_1_10' title='bbox 924 259 1005 312; x_wconf 88' lang='lat' dir='ltr'>cedo</span> <span class='ocrx_word' id='word_1_11' title='bbox 1079 257 1167 312; x_wconf 83' lang='lat' dir='ltr'>cito?</span> 
     </span>
     <span class='ocr_line' id='line_1_3' title="bbox 155 327 1167 454; baseline 0.002 -74"><span class='ocrx_word' id='word_1_12' title='bbox 155 327 196 453; x_wconf 64' lang='lat' dir='ltr'>«lic</span> <span class='ocrx_word' id='word_1_13' title='bbox 210 327 619 454; x_wconf 39' lang='grc' dir='ltr'>ἡ1111111ῂ11111Ξ11118ῗιι8188111Ι111</span> <span class='ocrx_word' id='word_1_14' title='bbox 641 327 766 409; x_wconf 61' lang='lat' dir='ltr'>liaeuii</span> <span class='ocrx_word' id='word_1_15' title='bbox 792 331 916 410; x_wconf 79' lang='lat' dir='ltr'>poetae</span> <span class='ocrx_word' id='word_1_16' title='bbox 928 329 1030 454; x_wconf 56' lang='lat' dir='ltr'>bLuptr’)</span> <span class='ocrx_word' id='word_1_17' title='bbox 1053 346 1167 399; x_wconf 86' lang='lat' dir='ltr'>respon-</span> 
     </span>
     <span class='ocr_line' id='line_1_4' title="bbox 175 415 1164 457; baseline 0.001 -4"><span class='ocrx_word' id='word_1_18' title='bbox 175 415 299 454; x_wconf 89' lang='lat' dir='ltr'>enure</span> <span class='ocrx_word' id='word_1_19' title='bbox 340 415 441 452; x_wconf 89' lang='lat' dir='ltr'>aae</span> <span class='ocrx_word' id='word_1_20' title='bbox 503 417 593 454; x_wconf 87' lang='lat' dir='ltr'>ocm</span> <span class='ocrx_word' id='word_1_21' title='bbox 640 417 730 454; x_wconf 85' lang='lat' dir='ltr'>nmis:</span> <span class='ocrx_word' id='word_1_22' title='bbox 782 416 923 454; x_wconf 88' lang='lat' dir='ltr'>rouenre</span> <span class='ocrx_word' id='word_1_23' title='bbox 953 418 995 454; x_wconf 85' lang='lat' dir='ltr'>an</span> <span class='ocrx_word' id='word_1_24' title='bbox 1054 418 1164 457; x_wconf 49' lang='lat' dir='ltr'>ems.</span> 
     </span>
     <span class='ocr_line' id='line_1_5' title="bbox 154 417 1166 542; baseline 0 -18"><span class='ocrx_word' id='word_1_25' title='bbox 154 418 654 540; x_wconf 34' lang='lat' dir='ltr'>percontantibus-Mommsenio.</span> <span class='ocrx_word' id='word_1_26' title='bbox 680 417 930 539; x_wconf 61' lang='lat' dir='ltr'>perclneantur</span> <span class='ocrx_word' id='word_1_27' title='bbox 943 474 981 526; x_wconf 86' lang='lat' dir='ltr'>ut</span> <span class='ocrx_word' id='word_1_28' title='bbox 994 470 1070 526; x_wconf 87' lang='lat' dir='ltr'>Leid.</span> <span class='ocrx_word' id='word_1_29' title='bbox 1090 419 1166 542; x_wconf 59' lang='lat' dir='ltr'>pler-</span> 
     </span>
     <span class='ocr_line' id='line_1_6' title="bbox 155 541 1164 599; baseline 0.004 -5"><span class='ocrx_word' id='word_1_30' title='bbox 155 544 342 596; x_wconf 84' lang='lat' dir='ltr'>contantur</span> <span class='ocrx_word' id='word_1_31' title='bbox 369 544 407 594; x_wconf 83' lang='lat' dir='ltr'>ut</span> <span class='ocrx_word' id='word_1_32' title='bbox 433 544 486 595; x_wconf 86' lang='lat' dir='ltr'>est</span> <span class='ocrx_word' id='word_1_33' title='bbox 513 541 600 596; x_wconf 88' lang='lat' dir='ltr'>ceteri</span> <span class='ocrx_word' id='word_1_34' title='bbox 627 541 701 596; x_wconf 82' lang='lat' dir='ltr'>libri.</span> <span class='ocrx_word' id='word_1_35' title='bbox 756 541 851 596; x_wconf 89' lang='lat' dir='ltr'>neuii</span> <span class='ocrx_word' id='word_1_36' title='bbox 873 542 949 597; x_wconf 88' lang='lat' dir='ltr'>Leid.</span> <span class='ocrx_word' id='word_1_37' title='bbox 970 543 1042 598; x_wconf 81' lang='lat' dir='ltr'>Flos.</span> <span class='ocrx_word' id='word_1_38' title='bbox 1061 542 1164 599; x_wconf 81' lang='lat' dir='ltr'>Erfurt.</span> 
     </span>
     <span class='ocr_line' id='line_1_7' title="bbox 152 612 1164 683; baseline 0.002 -17"><span class='ocrx_word' id='word_1_39' title='bbox 152 612 241 667; x_wconf 87' lang='lat' dir='ltr'>Paris.</span> <span class='ocrx_word' id='word_1_40' title='bbox 260 612 378 667; x_wconf 85' lang='lat' dir='ltr'>Rhenau</span> <span class='ocrx_word' id='word_1_41' title='bbox 401 657 406 668; x_wconf 90' lang='lat'>.</span> <span class='ocrx_word' id='word_1_42' title='bbox 426 613 499 666; x_wconf 87' lang='lat' dir='ltr'>alter</span> <span class='ocrx_word' id='word_1_43' title='bbox 551 615 675 682; x_wconf 88' lang='lat' dir='ltr'>poetae</span> <span class='ocrx_word' id='word_1_44' title='bbox 689 612 766 666; x_wconf 91' lang='lat' dir='ltr'>Leid.</span> <span class='ocrx_word' id='word_1_45' title='bbox 785 613 974 683; x_wconf 75' lang='lat' dir='ltr'>posteriori</span> <span class='ocrx_word' id='word_1_46' title='bbox 988 613 1076 668; x_wconf 88' lang='lat' dir='ltr'>Paris.</span> <span class='ocrx_word' id='word_1_47' title='bbox 1091 613 1164 668; x_wconf 81' lang='lat' dir='ltr'>Flor.</span> 
     </span>
     <span class='ocr_line' id='line_1_8' title="bbox 153 631 1164 754; baseline 0.002 -17"><span class='ocrx_word' id='word_1_48' title='bbox 153 683 347 754; x_wconf 84' lang='lat' dir='ltr'>posteriore</span> <span class='ocrx_word' id='word_1_49' title='bbox 375 631 478 738; x_wconf 55' lang='grc'>8181118</span> <span class='ocrx_word' id='word_1_50' title='bbox 506 684 651 754; x_wconf 81' lang='lat' dir='ltr'>Rhenaug.</span> <span class='ocrx_word' id='word_1_51' title='bbox 680 683 753 738; x_wconf 87' lang='lat' dir='ltr'>alter</span> <span class='ocrx_word' id='word_1_52' title='bbox 818 685 910 754; x_wconf 88' lang='lat' dir='ltr'>Lupo</span> <span class='ocrx_word' id='word_1_53' title='bbox 938 684 1045 754; x_wconf 78' lang='lat' dir='ltr'>scripsi.</span> <span class='ocrx_word' id='word_1_54' title='bbox 1074 685 1164 739; x_wconf 90' lang='lat' dir='ltr'>libro</span> 
     </span>
     <span class='ocr_line' id='line_1_9' title="bbox 152 754 1164 824; baseline 0.002 -16"><span class='ocrx_word' id='word_1_55' title='bbox 152 755 226 810; x_wconf 86' lang='lat' dir='ltr'>Flor.</span> <span class='ocrx_word' id='word_1_56' title='bbox 254 755 311 810; x_wconf 83' lang='lat' dir='ltr'>Eri.</span> <span class='ocrx_word' id='word_1_57' title='bbox 339 754 427 815; x_wconf 84' lang='lat' dir='ltr'>Paris.</span> <span class='ocrx_word' id='word_1_58' title='bbox 454 755 600 824; x_wconf 82' lang='lat' dir='ltr'>Rhenaug.</span> <span class='ocrx_word' id='word_1_59' title='bbox 634 755 707 820; x_wconf 86' lang='lat' dir='ltr'>alter</span> <span class='ocrx_word' id='word_1_60' title='bbox 737 757 810 809; x_wconf 82' lang='lat' dir='ltr'>teste</span> <span class='ocrx_word' id='word_1_61' title='bbox 837 755 951 810; x_wconf 78' lang='lat' dir='ltr'>Baitero</span> <span class='ocrx_word' id='word_1_62' title='bbox 978 756 1059 810; x_wconf 85' lang='lat' dir='ltr'>ludo</span> <span class='ocrx_word' id='word_1_63' title='bbox 1086 755 1164 810; x_wconf 88' lang='lat' dir='ltr'>Leid.</span> 
     </span>
     <span class='ocr_line' id='line_1_10' title="bbox 152 826 1165 897; baseline 0.002 -18"><span class='ocrx_word' id='word_1_64' title='bbox 152 826 225 881; x_wconf 86' lang='lat' dir='ltr'>Flor.</span> <span class='ocrx_word' id='word_1_65' title='bbox 249 844 305 896; x_wconf 81' lang='lat' dir='ltr'>mg.</span> <span class='ocrx_word' id='word_1_66' title='bbox 329 826 510 881; x_wconf 83' lang='lat' dir='ltr'>Benedietob.</span> <span class='ocrx_word' id='word_1_67' title='bbox 536 827 660 881; x_wconf 84' lang='lat' dir='ltr'>Indersd‚</span> <span class='ocrx_word' id='word_1_68' title='bbox 684 827 829 896; x_wconf 80' lang='lat' dir='ltr'>Rheneug.</span> <span class='ocrx_word' id='word_1_69' title='bbox 854 845 894 896; x_wconf 89' lang='lat' dir='ltr'>pr.</span> <span class='ocrx_word' id='word_1_70' title='bbox 920 827 1073 897; x_wconf 84' lang='lat' dir='ltr'>Salisburg.</span> <span class='ocrx_word' id='word_1_71' title='bbox 1130 827 1165 881; x_wconf 89' lang='lat' dir='ltr'>in</span> 
     </span>
     <span class='ocr_line' id='line_1_11' title="bbox 153 897 1163 968; baseline 0.003 -18"><span class='ocrx_word' id='word_1_72' title='bbox 153 897 280 951; x_wconf 86' lang='lat' dir='ltr'>Naeuii</span> <span class='ocrx_word' id='word_1_73' title='bbox 297 899 423 966; x_wconf 90' lang='lat' dir='ltr'>poetae</span> <span class='ocrx_word' id='word_1_74' title='bbox 441 897 598 951; x_wconf 90' lang='lat' dir='ltr'>ludorum</span> <span class='ocrx_word' id='word_1_75' title='bbox 615 897 810 968; x_wconf 82' lang='lat' dir='ltr'>posteriore</span> <span class='ocrx_word' id='word_1_76' title='bbox 828 897 918 952; x_wconf 91' lang='lat' dir='ltr'>libro</span> <span class='ocrx_word' id='word_1_77' title='bbox 938 899 1080 953; x_wconf 80' lang='lat' dir='ltr'>Baehrens</span> <span class='ocrx_word' id='word_1_78' title='bbox 1099 915 1163 953; x_wconf 84' lang='lat' dir='ltr'>amr.</span> 
     </span>
     <span class='ocr_line' id='line_1_12' title="bbox 151 968 1166 1040; baseline 0.002 -19"><span class='ocrx_word' id='word_1_79' title='bbox 151 968 250 1037; x_wconf 89' lang='lat' dir='ltr'>philol.</span> <span class='ocrx_word' id='word_1_80' title='bbox 267 973 336 1022; x_wconf 85' lang='lat'>1886</span> <span class='ocrx_word' id='word_1_81' title='bbox 353 986 379 1037; x_wconf 88' lang='lat' dir='ltr'>p.</span> <span class='ocrx_word' id='word_1_82' title='bbox 394 974 446 1022; x_wconf 78' lang='lat'>405</span> <span class='ocrx_word' id='word_1_83' title='bbox 463 969 499 1022; x_wconf 89' lang='lat' dir='ltr'>ab</span> <span class='ocrx_word' id='word_1_84' title='bbox 514 969 590 1023; x_wconf 89' lang='lat' dir='ltr'>omni</span> <span class='ocrx_word' id='word_1_85' title='bbox 604 969 806 1038; x_wconf 78' lang='lat' dir='ltr'>probabilitate</span> <span class='ocrx_word' id='word_1_86' title='bbox 821 969 962 1024; x_wconf 83' lang='lat' dir='ltr'>aberrans.</span> <span class='ocrx_word' id='word_1_87' title='bbox 991 969 1055 1023; x_wconf 85' lang='lat' dir='ltr'>Nisi</span> <span class='ocrx_word' id='word_1_88' title='bbox 1072 969 1166 1040; x_wconf 83' lang='lat' dir='ltr'>ipsum</span> 
     </span>
     <span class='ocr_line' id='line_1_13' title="bbox 151 1039 1166 1110; baseline 0.002 -18"><span class='ocrx_word' id='word_1_89' title='bbox 151 1039 252 1093; x_wconf 88' lang='lat' dir='ltr'>horum</span> <span class='ocrx_word' id='word_1_90' title='bbox 278 1055 409 1093; x_wconf 87' lang='lat' dir='ltr'>versuum</span> <span class='ocrx_word' id='word_1_91' title='bbox 433 1043 629 1110; x_wconf 72' lang='lat' dir='ltr'>argumentum</span> <span class='ocrx_word' id='word_1_92' title='bbox 652 1043 702 1094; x_wconf 83' lang='lat' dir='ltr'>sat.</span> <span class='ocrx_word' id='word_1_93' title='bbox 720 1043 817 1109; x_wconf 84' lang='lat' dir='ltr'>aperte</span> <span class='ocrx_word' id='word_1_94' title='bbox 840 1043 1015 1109; x_wconf 78' lang='lat' dir='ltr'>praetextam</span> <span class='ocrx_word' id='word_1_95' title='bbox 1038 1040 1166 1096; x_wconf 88' lang='lat' dir='ltr'>fabulam</span> 
     </span>
     <span class='ocr_line' id='line_1_14' title="bbox 151 1109 1165 1235; baseline 0.003 -72"><span class='ocrx_word' id='word_1_96' title='bbox 151 1109 316 1235; x_wconf 44' lang='lat' dir='ltr'>indicasset,d</span> <span class='ocrx_word' id='word_1_97' title='bbox 334 1109 472 1180; x_wconf 81' lang='lat' dir='ltr'>palliatae</span> <span class='ocrx_word' id='word_1_98' title='bbox 504 1110 605 1165; x_wconf 84' lang='lat' dir='ltr'>titulus</span> <span class='ocrx_word' id='word_1_99' title='bbox 633 1111 747 1165; x_wconf 85' lang='lat' dir='ltr'>Ludus</span> <span class='ocrx_word' id='word_1_100' title='bbox 777 1111 1005 1182; x_wconf 83' lang='lat' dir='ltr'>interpretandus</span> <span class='ocrx_word' id='word_1_101' title='bbox 1033 1111 1165 1166; x_wconf 88' lang='lat' dir='ltr'>nimirum</span> 
     </span>
     <span class='ocr_line' id='line_1_15' title="bbox 153 1185 368 1251; baseline 0.005 -16"><span class='ocrx_word' id='word_1_102' title='bbox 153 1185 228 1236; x_wconf 82' lang='lat' dir='ltr'>esset</span> <span class='ocrx_word' id='word_1_103' title='bbox 274 1201 292 1251; x_wconf 81' lang='lat' dir='ltr'>y</span> <span class='ocrx_word' id='word_1_104' title='bbox 321 1199 368 1236; x_wconf 87' lang='lat' dir='ltr'>us.</span> 
     </span>
    </p>
   </div>
   <div class='ocr_carea' id='block_1_3' title="bbox 224 1289 1164 1359">
    <p class='ocr_par' dir='ltr' id='par_1_3' title="bbox 224 1289 1164 1359">
     <span class='ocr_line' id='line_1_16' title="bbox 224 1289 1164 1359; baseline -0.001 -16"><span class='ocrx_word' id='word_1_105' title='bbox 224 1295 237 1343; x_wconf 93' lang='lat'>1</span> <span class='ocrx_word' id='word_1_106' title='bbox 257 1291 382 1343; x_wconf 82' lang='lat' dir='ltr'>uestram</span> <span class='ocrx_word' id='word_1_107' title='bbox 404 1305 463 1342; x_wconf 89' lang='lat' dir='ltr'>rem</span> <span class='ocrx_word' id='word_1_108' title='bbox 486 1310 521 1357; x_wconf 90' lang='grc' dir='ltr'>ω,</span> <span class='ocrx_word' id='word_1_109' title='bbox 544 1291 704 1358; x_wconf 68' lang='lat' dir='ltr'>transposui</span> <span class='ocrx_word' id='word_1_110' title='bbox 716 1315 720 1321; x_wconf 93' lang='lat'>·</span> <span class='ocrx_word' id='word_1_111' title='bbox 775 1289 844 1343; x_wconf 78' lang='lat' dir='ltr'>cedo</span> <span class='ocrx_word' id='word_1_112' title='bbox 867 1305 925 1344; x_wconf 88' lang='lat' dir='ltr'>rem</span> <span class='ocrx_word' id='word_1_113' title='bbox 948 1289 1093 1359; x_wconf 85' lang='lat' dir='ltr'>publicam</span> <span class='ocrx_word' id='word_1_114' title='bbox 1115 1289 1164 1358; x_wconf 90' lang='lat' dir='ltr'>qui</span> 
     </span>
    </p>
   </div>
   <div class='ocr_carea' id='block_1_4' title="bbox 149 1359 1165 1501">
    <p class='ocr_par' dir='ltr' id='par_1_4' title="bbox 149 1359 1165 1501">
     <span class='ocr_line' id='line_1_17' title="bbox 151 1359 1165 1430; baseline 0.002 -18"><span class='ocrx_word' id='word_1_115' title='bbox 151 1363 276 1414; x_wconf 85' lang='lat' dir='ltr'>uestram</span> <span class='ocrx_word' id='word_1_116' title='bbox 301 1362 412 1414; x_wconf 87' lang='lat' dir='ltr'>tantam</span> <span class='ocrx_word' id='word_1_117' title='bbox 435 1359 545 1414; x_wconf 84' lang='lat' dir='ltr'>amistis</span> <span class='ocrx_word' id='word_1_118' title='bbox 568 1363 628 1412; x_wconf 87' lang='lat' dir='ltr'>tam</span> <span class='ocrx_word' id='word_1_119' title='bbox 651 1359 707 1414; x_wconf 82' lang='lat' dir='ltr'>cito</span> <span class='ocrx_word' id='word_1_120' title='bbox 732 1361 852 1430; x_wconf 73' lang='lat' dir='ltr'>Koechly</span> <span class='ocrx_word' id='word_1_121' title='bbox 876 1361 944 1415; x_wconf 79' lang='lat' dir='ltr'>cedo</span> <span class='ocrx_word' id='word_1_122' title='bbox 968 1361 1017 1428; x_wconf 91' lang='lat' dir='ltr'>qui</span> <span class='ocrx_word' id='word_1_123' title='bbox 1040 1363 1165 1415; x_wconf 82' lang='lat' dir='ltr'>uestram</span> 
     </span>
     <span class='ocr_line' id='line_1_18' title="bbox 149 1429 1165 1501; baseline 0.002 -17"><span class='ocrx_word' id='word_1_124' title='bbox 149 1431 295 1501; x_wconf 83' lang='lat' dir='ltr'>publicam</span> <span class='ocrx_word' id='word_1_125' title='bbox 321 1447 381 1484; x_wconf 88' lang='lat' dir='ltr'>rem</span> <span class='ocrx_word' id='word_1_126' title='bbox 407 1433 519 1486; x_wconf 87' lang='lat' dir='ltr'>tantam</span> <span class='ocrx_word' id='word_1_127' title='bbox 546 1429 655 1484; x_wconf 78' lang='lat' dir='ltr'>emistis</span> <span class='ocrx_word' id='word_1_128' title='bbox 683 1434 704 1486; x_wconf 88' lang='lat' dir='ltr'>t.</span> <span class='ocrx_word' id='word_1_129' title='bbox 733 1449 755 1486; x_wconf 90' lang='grc'>1.</span> <span class='ocrx_word' id='word_1_130' title='bbox 775 1432 844 1485; x_wconf 82' lang='lat' dir='ltr'>Bue.</span> <span class='ocrx_word' id='word_1_131' title='bbox 899 1432 977 1487; x_wconf 72' lang='lat' dir='ltr'>Iuter</span> <span class='ocrx_word' id='word_1_132' title='bbox 995 1434 1116 1500; x_wconf 74' lang='lat' dir='ltr'>priorem</span> <span class='ocrx_word' id='word_1_133' title='bbox 1139 1439 1165 1487; x_wconf 80' lang='grc'>18</span> 
     </span>
    </p>
   </div>
   <div class='ocr_carea' id='block_1_5' title="bbox 147 1504 1165 2000">
    <p class='ocr_par' dir='ltr' id='par_1_5' title="bbox 149 1504 1164 1644">
     <span class='ocr_line' id='line_1_19' title="bbox 150 1504 1164 1572; baseline -0.001 -14"><span class='ocrx_word' id='word_1_134' title='bbox 150 1505 267 1558; x_wconf 81' lang='lat' dir='ltr'>alterum</span> <span class='ocrx_word' id='word_1_135' title='bbox 293 1519 398 1557; x_wconf 75' lang='lat' dir='ltr'>cusum</span> <span class='ocrx_word' id='word_1_136' title='bbox 426 1504 560 1572; x_wconf 72' lang='lat' dir='ltr'>quaedam</span> <span class='ocrx_word' id='word_1_137' title='bbox 581 1509 697 1571; x_wconf 81' lang='lat' dir='ltr'>possuut</span> <span class='ocrx_word' id='word_1_138' title='bbox 719 1504 881 1572; x_wconf 78' lang='lat' dir='ltr'>iuterposita</span> <span class='ocrx_word' id='word_1_139' title='bbox 902 1505 988 1570; x_wconf 77' lang='lat' dir='ltr'>fuisse</span> <span class='ocrx_word' id='word_1_140' title='bbox 1060 1510 1076 1558; x_wconf 79' lang='lat'><strong>2</strong></span> <span class='ocrx_word' id='word_1_141' title='bbox 1100 1519 1164 1572; x_wconf 88' lang='lat' dir='ltr'>pro·</span> 
     </span>
     <span class='ocr_line' id='line_1_20' title="bbox 149 1573 1163 1644; baseline 0 -18"><span class='ocrx_word' id='word_1_142' title='bbox 149 1573 299 1628; x_wconf 88' lang='lat' dir='ltr'>uenientur</span> <span class='ocrx_word' id='word_1_143' title='bbox 326 1575 370 1644; x_wconf 83' lang='lat' dir='ltr'>(ur</span> <span class='ocrx_word' id='word_1_144' title='bbox 397 1575 459 1643; x_wconf 80' lang='lat' dir='ltr'>del.)</span> <span class='ocrx_word' id='word_1_145' title='bbox 487 1574 578 1628; x_wconf 76' lang='lat' dir='ltr'>Puris.</span> <span class='ocrx_word' id='word_1_146' title='bbox 654 1573 722 1627; x_wconf 88' lang='lat' dir='ltr'>noui</span> <span class='ocrx_word' id='word_1_147' title='bbox 750 1575 779 1627; x_wconf 89' lang='lat' dir='ltr'>et</span> <span class='ocrx_word' id='word_1_148' title='bbox 802 1573 894 1628; x_wconf 77' lang='lat' dir='ltr'>Paris.</span> <span class='ocrx_word' id='word_1_149' title='bbox 917 1574 1028 1642; x_wconf 66' lang='lat' dir='ltr'>Erfurt.</span> <span class='ocrx_word' id='word_1_150' title='bbox 1055 1574 1163 1644; x_wconf 76' lang='lat' dir='ltr'>nouip</span> 
     </span>
    </p>

    <p class='ocr_par' dir='ltr' id='par_1_6' title="bbox 147 1643 1165 2000">
     <span class='ocr_line' id='line_1_21' title="bbox 204 1643 1165 1712; baseline 0.002 -14"><span class='ocrx_word' id='word_1_151' title='bbox 204 1645 273 1699; x_wconf 90' lang='lat' dir='ltr'>cedo</span> <span class='ocrx_word' id='word_1_152' title='bbox 302 1643 356 1709; x_wconf 77' lang='lat' dir='ltr'>Qui</span> <span class='ocrx_word' id='word_1_153' title='bbox 384 1651 409 1700; x_wconf 79' lang='lat' dir='ltr'>et</span> <span class='ocrx_word' id='word_1_154' title='bbox 430 1643 639 1698; x_wconf 80' lang='lat' dir='ltr'>Proueniebant</span> <span class='ocrx_word' id='word_1_155' title='bbox 663 1662 687 1699; x_wconf 92' lang='grc' dir='ltr'>ο.</span> <span class='ocrx_word' id='word_1_156' title='bbox 711 1643 791 1712; x_wconf 80' lang='lat' dir='ltr'>noui,</span> <span class='ocrx_word' id='word_1_157' title='bbox 821 1643 902 1698; x_wconf 85' lang='lat' dir='ltr'>stulti</span> <span class='ocrx_word' id='word_1_158' title='bbox 925 1645 970 1700; x_wconf 85' lang='lat' dir='ltr'>ad.</span> <span class='ocrx_word' id='word_1_159' title='bbox 996 1647 1165 1700; x_wconf 79' lang='lat' dir='ltr'>commendat</span> 
     </span>
     <span class='ocr_line' id='line_1_22' title="bbox 150 1715 1165 1786; baseline 0.001 -16"><span class='ocrx_word' id='word_1_160' title='bbox 150 1715 383 1771; x_wconf 82' lang='lat' dir='ltr'>OFWMueilcr:</span> <span class='ocrx_word' id='word_1_161' title='bbox 402 1717 466 1770; x_wconf 79' lang='lat' dir='ltr'>item</span> <span class='ocrx_word' id='word_1_162' title='bbox 483 1718 667 1786; x_wconf 74' lang='lat' dir='ltr'>septenarium</span> <span class='ocrx_word' id='word_1_163' title='bbox 684 1715 873 1786; x_wconf 78' lang='lat' dir='ltr'>prouenibant</span> <span class='ocrx_word' id='word_1_164' title='bbox 888 1734 909 1771; x_wconf 86' lang='lat' dir='ltr'>e.</span> <span class='ocrx_word' id='word_1_165' title='bbox 930 1735 953 1786; x_wconf 74' lang='lat' dir='ltr'>q.</span> <span class='ocrx_word' id='word_1_166' title='bbox 973 1733 993 1770; x_wconf 89' lang='lat' dir='ltr'>s.</span> <span class='ocrx_word' id='word_1_167' title='bbox 1031 1719 1165 1772; x_wconf 77' lang='lat' dir='ltr'>suadebat</span> 
     </span>
     <span class='ocr_line' id='line_1_23' title="bbox 150 1787 1162 1858; baseline 0 -16"><span class='ocrx_word' id='word_1_168' title='bbox 150 1787 357 1855; x_wconf 77' lang='lat' dir='ltr'>Fleckeiscuus;</span> <span class='ocrx_word' id='word_1_169' title='bbox 383 1789 430 1842; x_wconf 79' lang='lat' dir='ltr'>sed</span> <span class='ocrx_word' id='word_1_170' title='bbox 457 1788 630 1847; x_wconf 73' lang='lat' dir='ltr'>duriusculos</span> <span class='ocrx_word' id='word_1_171' title='bbox 656 1804 782 1842; x_wconf 75' lang='lat' dir='ltr'>uuancros</span> <span class='ocrx_word' id='word_1_172' title='bbox 804 1789 959 1842; x_wconf 72' lang='lat' dir='ltr'>tolerandos</span> <span class='ocrx_word' id='word_1_173' title='bbox 981 1805 1035 1843; x_wconf 84' lang='lat' dir='ltr'>esse</span> <span class='ocrx_word' id='word_1_174' title='bbox 1054 1790 1162 1858; x_wconf 73' lang='lat' dir='ltr'>putau,</span> 
     </span>
     <span class='ocr_line' id='line_1_24' title="bbox 149 1859 1162 1930; baseline 0.001 -17"><span class='ocrx_word' id='word_1_175' title='bbox 149 1865 175 1913; x_wconf 81' lang='lat' dir='ltr'>ct</span> <span class='ocrx_word' id='word_1_176' title='bbox 196 1859 311 1926; x_wconf 74' lang='lat' dir='ltr'>fucosae</span> <span class='ocrx_word' id='word_1_177' title='bbox 329 1860 468 1926; x_wconf 79' lang='lat' dir='ltr'>adfectato</span> <span class='ocrx_word' id='word_1_178' title='bbox 485 1860 619 1930; x_wconf 76' lang='lat' dir='ltr'>pravitate</span> <span class='ocrx_word' id='word_1_179' title='bbox 638 1859 772 1914; x_wconf 78' lang='lat' dir='ltr'>leuitatem</span> <span class='ocrx_word' id='word_1_180' title='bbox 791 1859 1055 1916; x_wconf 73' lang='lat' dir='ltr'>adulesceutulorucu</span> <span class='ocrx_word' id='word_1_181' title='bbox 1072 1861 1162 1914; x_wconf 78' lang='lat' dir='ltr'>ridere</span> 
     </span>
     <span class='ocr_line' id='line_1_25' title="bbox 147 1930 1052 2000; baseline -0.001 -14"><span class='ocrx_word' id='word_1_182' title='bbox 147 1931 235 1986; x_wconf 68' lang='lat' dir='ltr'>volarit</span> <span class='ocrx_word' id='word_1_183' title='bbox 248 1937 342 1999; x_wconf 68' lang='lat' dir='ltr'>poetar</span> <span class='ocrx_word' id='word_1_184' title='bbox 362 1937 478 1984; x_wconf 83' lang='lat' dir='ltr'>ceterum</span> <span class='ocrx_word' id='word_1_185' title='bbox 496 1931 577 1985; x_wconf 72' lang='lat' dir='ltr'>tuitio</span> <span class='ocrx_word' id='word_1_186' title='bbox 596 1947 620 1984; x_wconf 84' lang='lat' dir='ltr'>c.</span> <span class='ocrx_word' id='word_1_187' title='bbox 639 1932 701 1983; x_wconf 85' lang='lat' dir='ltr'>tum</span> <span class='ocrx_word' id='word_1_188' title='bbox 718 1931 855 2000; x_wconf 76' lang='lat' dir='ltr'>suppleuit</span> <span class='ocrx_word' id='word_1_189' title='bbox 874 1930 1052 1986; x_wconf 83' lang='lat' dir='ltr'>Hermauuus</span> 
     </span>
    </p>
   </div>
   <div class='ocr_carea' id='block_1_6' title="bbox 417 2103 802 2350">
    <p class='ocr_par' dir='ltr' id='par_1_7' title="bbox 417 2103 802 2350">
     <span class='ocr_line' id='line_1_26' title="bbox 417 2103 802 2222; baseline 0.018 -23"><span class='ocrx_word' id='word_1_190' title='bbox 417 2103 419 2108; x_wconf 79' lang='grc'>’</span> <span class='ocrx_word' id='word_1_191' title='bbox 509 2118 553 2222; x_wconf 77' lang='lat' dir='ltr'>o.</span> <span class='ocrx_word' id='word_1_192' title='bbox 587 2118 802 2205; x_wconf 76' lang='lat' dir='ltr'>usurus</span> 
     </span>
     <span class='ocr_line' id='line_1_27' title="bbox 443 2279 761 2350; baseline -0.003 0"><span class='ocrx_word' id='word_1_193' title='bbox 443 2279 450 2299; x_wconf 73' lang='lat'><strong><em>‘</em></strong></span> <span class='ocrx_word' id='word_1_194' title='bbox 549 2290 761 2350; x_wconf 79' lang='lat' dir='ltr'><strong>AMBRAOIA</strong></span> 
     </span>
    </p>
   </div>
   <div class='ocr_carea' id='block_1_7' title="bbox 219 2405 724 2476">
    <p class='ocr_par' dir='ltr' id='par_1_8' title="bbox 219 2405 724 2476">
     <span class='ocr_line' id='line_1_28' title="bbox 219 2405 724 2476; baseline -0.002 -15"><span class='ocrx_word' id='word_1_195' title='bbox 219 2408 295 2462; x_wconf 87' lang='lat' dir='ltr'>Inter</span> <span class='ocrx_word' id='word_1_196' title='bbox 313 2410 475 2476; x_wconf 84' lang='lat' dir='ltr'>praetextae</span> <span class='ocrx_word' id='word_1_197' title='bbox 493 2406 599 2476; x_wconf 81' lang='lat' dir='ltr'>primus</span> <span class='ocrx_word' id='word_1_198' title='bbox 618 2405 724 2461; x_wconf 87' lang='lat' dir='ltr'>rettuli.</span> 
     </span>
    </p>
   </div>
   <div class='ocr_carea' id='block_1_8' title="bbox 147 2540 1000 2728">
    <p class='ocr_par' dir='ltr' id='par_1_9' title="bbox 147 2540 1000 2728">
     <span class='ocr_line' id='line_1_29' title="bbox 645 2540 660 2598; baseline 0 0"><span class='ocrx_word' id='word_1_199' title='bbox 645 2540 660 2598; x_wconf 96' lang='grc' dir='ltr'>Ι</span> 
     </span>
     <span class='ocr_line' id='line_1_30' title="bbox 147 2640 1000 2728; baseline 0.002 -22"><span class='ocrx_word' id='word_1_200' title='bbox 147 2641 238 2706; x_wconf 84' lang='lat' dir='ltr'>&#39;Esse</span> <span class='ocrx_word' id='word_1_201' title='bbox 261 2665 318 2726; x_wconf 89' lang='lat' dir='ltr'>per</span> <span class='ocrx_word' id='word_1_202' title='bbox 340 2643 453 2728; x_wconf 82' lang='lat' dir='ltr'>gente&#39;s</span> <span class='ocrx_word' id='word_1_203' title='bbox 476 2641 605 2706; x_wconf 88' lang='lat' dir='ltr'>cluebat</span> <span class='ocrx_word' id='word_1_204' title='bbox 627 2640 772 2705; x_wconf 77' lang='lat' dir='ltr'>omnium</span> <span class='ocrx_word' id='word_1_205' title='bbox 794 2642 1000 2710; x_wconf 77' lang='lat' dir='ltr'>miserrimus</span> 
     </span>
    </p>
   </div>
   <div class='ocr_carea' id='block_1_9' title="bbox 148 2761 1160 2904">
    <p class='ocr_par' dir='ltr' id='par_1_10' title="bbox 148 2761 1160 2904">
     <span class='ocr_line' id='line_1_31' title="bbox 205 2761 1160 2860; baseline 0.004 -44"><span class='ocrx_word' id='word_1_206' title='bbox 205 2762 328 2860; x_wconf 54' lang='lat' dir='ltr'>’Nonius</span> <span class='ocrx_word' id='word_1_207' title='bbox 346 2781 374 2831; x_wconf 92' lang='lat' dir='ltr'>p.</span> <span class='ocrx_word' id='word_1_208' title='bbox 389 2767 436 2831; x_wconf 83' lang='lat'>88,</span> <span class='ocrx_word' id='word_1_209' title='bbox 453 2769 467 2815; x_wconf 93' lang='lat'>1</span> <span class='ocrx_word' id='word_1_210' title='bbox 493 2762 614 2830; x_wconf 83' lang='lat' dir='ltr'>‘cluet‚</span> <span class='ocrx_word' id='word_1_211' title='bbox 638 2761 801 2816; x_wconf 85' lang='lat' dir='ltr'>nominatur</span> <span class='ocrx_word' id='word_1_212' title='bbox 816 2807 820 2816; x_wconf 95' lang='lat'>.</span> <span class='ocrx_word' id='word_1_213' title='bbox 834 2807 838 2817; x_wconf 94' lang='lat'><em>.</em></span> <span class='ocrx_word' id='word_1_214' title='bbox 852 2807 857 2818; x_wconf 93' lang='lat'><strong><em>.</em></strong></span> <span class='ocrx_word' id='word_1_215' title='bbox 872 2763 978 2817; x_wconf 85' lang='lat' dir='ltr'>Ennius</span> <span class='ocrx_word' id='word_1_216' title='bbox 999 2764 1160 2820; x_wconf 84' lang='lat' dir='ltr'>Ambratia:</span> 
     </span>
     <span class='ocr_line' id='line_1_32' title="bbox 148 2850 346 2904; baseline -0.005 -16"><span class='ocrx_word' id='word_1_217' title='bbox 148 2851 199 2904; x_wconf 89' lang='lat' dir='ltr'>per</span> <span class='ocrx_word' id='word_1_218' title='bbox 234 2850 257 2888; x_wconf 89' lang='lat' dir='ltr'>e.</span> <span class='ocrx_word' id='word_1_219' title='bbox 278 2851 304 2903; x_wconf 87' lang='lat' dir='ltr'>q.</span> <span class='ocrx_word' id='word_1_220' title='bbox 325 2851 346 2888; x_wconf 84' lang='lat' dir='ltr'>s.</span> 
     </span>
    </p>
   </div>
   <div class='ocr_carea' id='block_1_10' title="bbox 148 2931 1161 3140">
    <p class='ocr_par' dir='ltr' id='par_1_11' title="bbox 148 2931 1161 3140">
     <span class='ocr_line' id='line_1_33' title="bbox 205 2931 1161 3056; baseline 0.002 -73"><span class='ocrx_word' id='word_1_221' title='bbox 205 2933 394 3056; x_wconf 42' lang='lat' dir='ltr'>t{rengcrztes</span> <span class='ocrx_word' id='word_1_222' title='bbox 418 2947 479 2985; x_wconf 86' lang='lat' dir='ltr'>esse</span> <span class='ocrx_word' id='word_1_223' title='bbox 502 2951 523 2984; x_wconf 88' lang='grc' dir='ltr'><strong><em>ω</em></strong></span> <span class='ocrx_word' id='word_1_224' title='bbox 551 2947 601 3000; x_wconf 91' lang='lat' dir='ltr'>per</span> <span class='ocrx_word' id='word_1_225' title='bbox 623 2933 723 3002; x_wconf 86' lang='lat' dir='ltr'>gentes</span> <span class='ocrx_word' id='word_1_226' title='bbox 746 2931 832 2985; x_wconf 85' lang='lat' dir='ltr'>Asiae</span> <span class='ocrx_word' id='word_1_227' title='bbox 856 2933 918 2988; x_wconf 81' lang='lat' dir='ltr'>Buc</span> <span class='ocrx_word' id='word_1_228' title='bbox 944 2931 1089 2986; x_wconf 87' lang='lat' dir='ltr'>hominum</span> <span class='ocrx_word' id='word_1_229' title='bbox 1111 2949 1161 3002; x_wconf 88' lang='lat' dir='ltr'>per</span> 
     </span>
     <span class='ocr_line' id='line_1_34' title="bbox 148 3019 404 3072; baseline 0 -16"><span class='ocrx_word' id='word_1_230' title='bbox 148 3019 205 3072; x_wconf 87' lang='lat' dir='ltr'>gen</span> <span class='ocrx_word' id='word_1_231' title='bbox 235 3020 248 3054; x_wconf 86' lang='lat' dir='ltr'>s</span> <span class='ocrx_word' id='word_1_232' title='bbox 295 3019 341 3072; x_wconf 83' lang='lat' dir='ltr'>erp</span> <span class='ocrx_word' id='word_1_233' title='bbox 359 3019 404 3056; x_wconf 76' lang='lat' dir='ltr'>cus</span> 
     </span>
     <span class='ocr_line' id='line_1_35' title="bbox 638 3081 669 3140; baseline 0 0"><span class='ocrx_word' id='word_1_234' title='bbox 638 3081 669 3140; x_wconf 89' lang='lat' dir='ltr'><strong>H</strong></span> 
     </span>
    </p>
   </div>
   <div class='ocr_carea' id='block_1_11' title="bbox 148 3169 1160 3356">
    <p class='ocr_par' dir='ltr' id='par_1_12' title="bbox 148 3169 1160 3356">
     <span class='ocr_line' id='line_1_36' title="bbox 148 3169 1160 3267; baseline 0.004 -21"><span class='ocrx_word' id='word_1_235' title='bbox 148 3182 235 3247; x_wconf 73' lang='lat' dir='ltr'>Bene</span> <span class='ocrx_word' id='word_1_236' title='bbox 263 3203 388 3267; x_wconf 83' lang='lat' dir='ltr'>mones,</span> <span class='ocrx_word' id='word_1_237' title='bbox 416 3186 485 3246; x_wconf 89' lang='lat' dir='ltr'>tute</span> <span class='ocrx_word' id='word_1_238' title='bbox 513 3169 591 3267; x_wconf 82' lang='lat' dir='ltr'>ipse¹</span> <span class='ocrx_word' id='word_1_239' title='bbox 610 3187 741 3247; x_wconf 86' lang='lat' dir='ltr'>cunctas</span> <span class='ocrx_word' id='word_1_240' title='bbox 768 3187 873 3248; x_wconf 73' lang='lat' dir='ltr'>caute:</span> <span class='ocrx_word' id='word_1_241' title='bbox 901 3207 920 3249; x_wconf 94' lang='lat' dir='ltr'>o</span> <span class='ocrx_word' id='word_1_242' title='bbox 946 3184 1019 3249; x_wconf 89' lang='lat' dir='ltr'>uide</span> <span class='ocrx_word' id='word_1_243' title='bbox 1042 3184 1160 3250; x_wconf 74' lang='lat' dir='ltr'>fortem</span> 
     </span>
     <span class='ocr_line' id='line_1_37' title="bbox 786 3291 906 3356; baseline 0.025 -3"><span class='ocrx_word' id='word_1_244' title='bbox 786 3291 906 3356; x_wconf 88' lang='lat' dir='ltr'>uirum!</span> 
     </span>
    </p>
   </div>
   <div class='ocr_carea' id='block_1_12' title="bbox 52 3403 1159 3542">
    <p class='ocr_par' dir='ltr' id='par_1_13' title="bbox 52 3403 1159 3542">
     <span class='ocr_line' id='line_1_38' title="bbox 52 3403 1159 3472; baseline 0.003 -17"><span class='ocrx_word' id='word_1_245' title='bbox 52 3431 53 3434; x_wconf 32' lang='lat'>¹</span> <span class='ocrx_word' id='word_1_246' title='bbox 220 3403 328 3456; x_wconf 86' lang='lat' dir='ltr'>Nonius</span> <span class='ocrx_word' id='word_1_247' title='bbox 346 3420 373 3472; x_wconf 92' lang='lat' dir='ltr'>p.</span> <span class='ocrx_word' id='word_1_248' title='bbox 389 3407 454 3471; x_wconf 80' lang='grc'>469,</span> <span class='ocrx_word' id='word_1_249' title='bbox 470 3407 503 3456; x_wconf 79' lang='lat'>25</span> <span class='ocrx_word' id='word_1_250' title='bbox 534 3404 715 3457; x_wconf 83' lang='lat' dir='ltr'>‘cunctant</span> <span class='ocrx_word' id='word_1_251' title='bbox 737 3417 787 3472; x_wconf 91' lang='lat' dir='ltr'>pro</span> <span class='ocrx_word' id='word_1_252' title='bbox 814 3405 982 3458; x_wconf 85' lang='lat' dir='ltr'>cunctantur</span> <span class='ocrx_word' id='word_1_253' title='bbox 997 3448 1002 3459; x_wconf 87' lang='lat'>.</span> <span class='ocrx_word' id='word_1_254' title='bbox 1015 3447 1020 3458; x_wconf 94' lang='lat'>.</span> <span class='ocrx_word' id='word_1_255' title='bbox 1033 3448 1038 3460; x_wconf 84' lang='grc'>,</span> <span class='ocrx_word' id='word_1_256' title='bbox 1053 3404 1159 3458; x_wconf 82' lang='lat' dir='ltr'>Ennius</span> 
     </span>
     <span class='ocr_line' id='line_1_39' title="bbox 149 3473 560 3542; baseline 0.002 -15"><span class='ocrx_word' id='word_1_257' title='bbox 149 3473 323 3529; x_wconf 87' lang='lat' dir='ltr'>Anbrachia:</span> <span class='ocrx_word' id='word_1_258' title='bbox 342 3473 429 3528; x_wconf 89' lang='lat' dir='ltr'>bene’</span> <span class='ocrx_word' id='word_1_259' title='bbox 451 3490 473 3529; x_wconf 91' lang='lat' dir='ltr'>e.</span> <span class='ocrx_word' id='word_1_260' title='bbox 493 3492 519 3542; x_wconf 91' lang='lat' dir='ltr'>q.</span> <span class='ocrx_word' id='word_1_261' title='bbox 540 3493 560 3528; x_wconf 87' lang='lat' dir='ltr'>s.</span> 
     </span>
    </p>
   </div>
   <div class='ocr_carea' id='block_1_13' title="bbox 946 3567 998 3620">
    <p class='ocr_par' dir='ltr' id='par_1_14' title="bbox 946 3567 998 3620">
     <span class='ocr_line' id='line_1_40' title="bbox 946 3567 998 3620; baseline -0.019 0"><span class='ocrx_word' id='word_1_262' title='bbox 946 3567 998 3620; x_wconf 82' lang='lat'>21*</span> 
     </span>
    </p>
   </div>
   <div class='ocr_carea' id='block_1_14' title="bbox 0 0 1320 3886">
    <p class='ocr_par' dir='ltr' id='par_1_15' title="bbox 0 0 1320 3886">
     <span class='ocr_line' id='line_1_41' title="bbox 0 0 1320 3886; baseline 0 3"><span class='ocrx_word' id='word_1_263' title='bbox 0 0 1320 3886; x_wconf 95' lang='lat' dir='ltr'> </span> 
     </span>
    </p>
   </div>
  </div>
 </body>
</html>
