2630 3886
147 79 213 142 310
320 79 369 131 EX
387 78 552 132 luctaris
571 79 811 134 INOERTORVM
829 81 981 134 FABVLIS

148 237 292 307 dictionis,
321 242 366 296 ut:
399 241 497 307 pater
523 239 676 306 inquam’
706 256 729 294 e.
749 257 775 308 q.
795 258 816 300 s,
858 240 1006 295 Phoenicis
1034 241 1157 296 Enniani

146 310 288 376 querellae
307 313 425 379 possunt
443 326 511 363 esse.
1063 347 1065 350 -

218 417 351 486 hospites,
370 420 452 486 pater
469 433 514 470 me
531 419 630 486 sortpse'
648 417 767 486 hospItis
785 434 830 471 me
849 418 980 474 Sacerdos
998 437 1042 473 me
1062 422 1157 476 ouum

145 489 204 571 sias
227 495 255 570 et¹
270 489 414 543 Diomedes
484 491 566 557 pater
588 491 678 543 exitas
700 507 793 544 versas
814 507 881 544 uam
903 493 935 544 tu
954 489 1076 546 Clmrtsie'
1098 495 1156 548 eod.

146 566 266 614 exteteret
284 566 430 614 incertam:
449 577 524 614 nureo
541 577 597 614 ooo
616 568 732 629 apparet

591 763 716 822 CXVIII

92 862 306 928 messiliam
329 886 363 928 se
386 865 473 929 eaelo
497 865 610 929 oe‘dens
632 863 759 930 Aurora
782 866 923 930 obstinet

155 967 257 1036 Suum
279 975 411 1055 patrem.

137 1097 154 1136 f
216 1091 317 1145 Festus
334 1111 363 1161 p.
379 1098 430 1146 197
447 1093 484 1148 M.
515 1093 685 1147 ‘obstinet
704 1093 837 1148 dicebant
855 1098 973 1164 antiqur,
993 1097 1068 1164 quod
1083 1103 1158 1150 nuno

146 1165 190 1216 est
204 1162 336 1231 ostendit,
351 1167 383 1217 ut
397 1164 431 1217 in
449 1165 627 1218 ueteribus
647 1165 872 1221 carminibus:
892 1166 951 1219 sed
969 1167 1050 1220 iam’
1063 1183 1086 1221 e.
1097 1186 1123 1236 q.
1136 1187 1157 1223 s.

220 1276 280 1340 leq.
300 1272 470 1326 octonariam
488 1274 568 1326 lamb.
588 1275 697 1342 expleret
765 1331 767 1338 ,

145 1529 147 1534 .
608 1475 701 1538 CXIX

146 1576 257 1662 Liber,
281 1577 336 1660 qui
360 1581 496 1663 augusta
518 1577 596 1641 haee
618 1577 689 1640 loos
714 1575 916 1641 Cithaeronis
938 1578 1018 1642 eolis

217 1698 353 1767 Apuleius
376 1697 479 1752 Florid.
499 1697 590 1751 XVIII
614 1699 662 1751 ‘ut
683 1697 733 1752 ille
757 1698 896 1767 tragicus,
918 1698 968 1766 qui
991 1699 1021 1752 in
1044 1701 1157 1756 theatro

51 1815 54 1819 .
147 1769 204 1822 diei
221 1769 304 1824 facit:
323 1769 438 1822 Liber’
460 1785 483 1824 e.
503 1787 528 1838 q.
549 1787 570 1822 s.
595 1769 648 1835 ¹De
667 1769 784 1822 Pacuvii
802 1769 926 1839 Antiope
945 1771 1077 1840 cogitavi.

218 1877 340 1944 angusta
359 1876 446 1930 Laeto.

613 1973 690 2032 CXX

190 2073 307 2156 Rtpae
331 2075 417 2160 agite
440 2075 523 2138 ruite
547 2075 752 2159 celeripedes!

217 2205 259 2258 De
281 2206 360 2258 metr.
385 2203 461 2260 CGL.
482 2205 520 2260 VI
539 2211 590 2259 615
609 2205 641 2260 Κ.
682 2205 865 2274 ‘pyrrichium
894 2205 1023 2274 rapite’
1045 2223 1068 2259 e.
1089 2225 1114 2274 q.
1135 2225 1156 2262 s.

147 2274 422 2402 bbfr'ollipingierun'
443 2275 518 2331 CGL.
533 2277 572 2330 VI
587 2282 638 2330 286
657 2275 701 2346 K.)
745 2275 785 2330 Of.
812 2276 929 2330 Pacuvii
956 2277 1010 2331 ine.
1033 2277 1091 2331 fab.
1111 2278 1157 2334 IV.

610 2479 702 2539 CXXI

146 2582 236 2647 Iouis
259 2587 418 2646 sacratum
441 2583 491 2646 iris
514 2577 851 2668 iurandum'sagmine

218 2715 318 2768 Festus
336 2733 363 2782 p.
380 2719 430 2767 321
445 2714 483 2766 M.
522 2712 692 2782 ‘sagmina
719 2715 857 2766 uocantur
880 2713 1034 2781 uerbenae,
1048 2718 1050 2722 ’
1062 2713 1093 2766 id
1115 2716 1159 2768 est

121 2807 123 2809 ·
147 2785 252 2840 herbae
279 2801 378 2854 purae,
407 2783 474 2852 quia
503 2801 536 2838 ex
561 2783 622 2838 loeo
651 2787 749 2838 saneto
777 2783 998 2838 arcebantur-
1016 2817 1052 2824 —
1070 2785 1115 2839 uel
1142 2803 1159 2839 a

148 2857 312 2925 sanciendo,
340 2855 371 2908 id
399 2859 442 2909 est
470 2855 667 2911 confirmando.
700 2855 869 2912 Naeuius:
901 2855 955 2909 ius
985 2859 1160 2910 sacratum

146 2928 240 2983 Ionis
264 2927 445 2980 iurandum
470 2926 643 2996 sagmine?
681 2926 784 2982 Paulus
803 2946 830 2996 p.
846 2933 897 2980 320
912 2927 948 2981 M.
988 2927 1159 2998 ‘sagmina

149 2999 282 3054 dicebant
302 2997 403 3051 herbas
422 2999 572 3067 uerbenas,
597 2997 664 3066 quia
682 3015 717 3051 ex
735 2997 796 3052 loeo
816 3001 913 3052 saneto
933 2997 1159 3053 arcebantur...

148 3071 195 3126 uel
218 3089 235 3124 a
259 3069 422 3137 sanciendo,
446 3069 477 3122 id
496 3073 539 3123 est
557 3068 752 3124 confirmando.
790 3067 928 3123 Naeuius:
955 3085 1055 3138 scopas
1074 3071 1159 3136 atque

148 3143 285 3196 uerbenas
309 3141 437 3210 sagmina
461 3141 657 3210 sumpserrmt?
694 3140 775 3194 Vnde
793 3139 883 3194 nostri
901 3156 997 3194 versus
1017 3142 1160 3194 auctorem

148 3213 285 3278 incertum
313 3211 373 3265 fieri
396 3212 538 3266 intellexit
564 3211 594 3266 Ο.
613 3211 777 3280 Muellerus,
805 3211 881 3264 idem
904 3211 1007 3266 senarii
1029 3228 1159 3265 numeros

148 3283 281 3338 restituit.

219 3389 294 3443 Iouis
320 3394 462 3444 sacratum
483 3389 528 3442 ins
551 3389 700 3442 iurandum
726 3389 756 3444 0.
777 3390 929 3444 Muellerus
951 3388 995 3442 ius
1019 3393 1160 3445 saeratum

148 3459 224 3512 Iouis
242 3459 392 3513 iurandum
410 3463 486 3522 eod„
1019 3491 1021 3494 -
1083 3491 1085 3496 .
