2630 3886
294 105 345 160 Ex
361 103 529 160 mensum
547 102 786 158 INOERTORVM
805 97 957 157 FABVLIS
1040 115 1041 119 ’
1065 101 1130 166 305

19 300 21 304 -
120 268 253 322 fortusse:
285 281 315 320 re
356 282 372 319 0
399 281 456 319 non
484 280 574 332 aequo
602 261 695 316 animo
724 262 859 317 corebus!
904 261 988 316 Medo
1016 261 1132 315 Pacuvii

27 415 28 418 Ἴ
119 337 246 393 reddidit
263 337 316 391 We
329 337 437 391 okerns.
672 349 675 354 ·

15 489 19 492 .
193 450 209 498 2
231 459 356 497 umorem
378 442 444 512 Rep.
469 441 542 495 Pitb.
567 440 712 494 humorem
736 440 809 496 (ἤιά.-
832 441 923 496 Bruu.
997 440 1132 510 exanguis

20 517 22 522 ’
124 517 197 571 eus.
217 529 394 586 exanguesp
449 511 570 566 3situm
587 511 661 565 inter
675 510 731 565 oris
745 512 943 567 Luebmuuuus
961 511 1018 565 situ
1032 511 1132 566 intoris

15 606 28 620 ‘-
122 585 233 642 Morub
266 585 323 639 situ
349 581 450 638 nitoris
476 595 500 652 ψ
528 582 585 636 situ
612 581 733 636 mucoris
759 585 801 638 uel
828 601 849 638 s.
877 581 1016 637 indecoris
1043 585 1083 638 uel
1111 601 1131 636 s.

14 678 16 682 ·
121 657 238 712 uictoris
257 658 338 712 ceteri
359 656 465 710 oweno.
486 653 543 708 situ
560 653 668 708 nidoris
686 655 739 708 alii
756 654 842 708 situm
860 653 926 708 uide
945 653 1000 708 oris
1015 655 1134 710 Botbius

123 729 181 783 situ
198 727 318 798 nigroris
337 729 418 782 tacite
432 727 569 781 Vableuus
586 727 644 780 iud.
662 728 730 780 beu.
747 730 815 779 1878
828 744 855 795 p.
871 731 887 779 6
940 725 1044 795 pedore
1060 725 1133 780 Greci.

31 849 35 856 .
121 801 189 872 Rep.
209 800 297 866 Pus,
316 815 398 868 quam
416 799 581 867 scripturam
598 803 691 851 tuetrrr
708 795 897 852 Flecterbeuus
959 795 1074 851 horrida
1091 801 1134 851 nt-

16 894 18 896 ·
124 885 178 939 que
198 891 220 924 ω
270 870 378 925 Deleoit
396 871 481 936 etque
501 869 630 936 Bestius,
651 869 780 937 probauit
802 873 893 923 uuum
914 885 1020 923 susum
1038 870 1134 940 hyper-

23 949 24 952 ’
123 949 238 997 metrsuu
253 949 316 1010 post
334 941 544 995 Laetruauuum
563 940 700 994 Votienus

595 1106 665 1166 0111

124 1209 327 1274 Meministin
349 1213 382 1273 te
405 1208 560 1292 spondere
582 1207 664 1271 mihi
687 1209 818 1294 gustem
841 1210 952 1272 brem?

196 1329 285 1383 Verro
304 1329 339 1384 de
358 1329 376 1384 l.
395 1329 414 1383 l.
430 1329 469 1382 VI
484 1335 516 1384 72
540 1329 595 1382 ‘sie
614 1328 841 1398 despondisse
860 1329 1007 1382 unimurn
1025 1347 1136 1400 quoque

127 1400 232 1455 dieitur
258 1403 290 1454 ut
315 1400 498 1470 despondisse
521 1399 646 1468 filium,
675 1399 751 1468 qnod
774 1415 841 1454 snae
865 1399 973 1470 spontis
997 1402 1137 1455 statueret

125 1473 222 1526 finem:
247 1488 343 1540 uque
362 1475 461 1540 sponte
480 1470 572 1526 disere
590 1471 758 1539 respondere
777 1487 888 1539 quoque
907 1471 1049 1540 dixerunt,
1073 1489 1137 1526 oum

126 1544 164 1598 sd
182 1544 311 1612 spontem
328 1542 537 1612 responderent,
555 1541 586 1594 id
604 1545 648 1596 est
666 1541 703 1595 ad
717 1542 894 1596 uoluntatem
906 1542 1054 1612 rogatoris.
1082 1543 1138 1598 ita·
1176 1553 1178 1558 ’

126 1627 181 1684 que
200 1613 249 1681 qui
268 1613 305 1666 ud
323 1612 353 1666 id
371 1613 447 1682 quod
465 1616 581 1694 rogetur
598 1629 655 1667 non
674 1612 752 1681 dicit,
773 1630 830 1667 non
848 1613 1011 1682 respondet:
1031 1617 1139 1670 utnon

127 1685 247 1755 spondet
265 1683 314 1738 ille
334 1683 444 1752 statim,
463 1701 513 1752 qur
531 1684 604 1738 dixit
621 1684 758 1753 spondeo,
778 1684 803 1738 si
821 1684 934 1738 iocundi
952 1701 1038 1740 cause
1057 1685 1138 1754 dixit,

125 1771 218 1824 neque
237 1770 254 1808 a
274 1754 285 1807 i
302 1757 397 1824 potest
416 1773 479 1809 oum
496 1771 530 1810 eo
549 1772 583 1809 ex
601 1773 713 1825 sponsu.
750 1755 850 1824 Itaque
871 1755 899 1810 is
919 1755 977 1824 qui
996 1756 1086 1811 dicit
1104 1758 1140 1810 in

126 1773 323 1895 tragoediam
352 1825 581 1880 meministin’
602 1843 625 1881 e.
645 1839 713 1895 q.'s.
755 1827 846 1895 ‘quod
873 1827 934 1882 sine
961 1831 1060 1897 sponte
1088 1846 1139 1882 sue

128 1897 215 1964 dixit,
243 1914 306 1950 eum
333 1913 366 1950 eo
393 1913 451 1951 non
475 1901 571 1968 potest
592 1897 640 1967 egi
664 1913 697 1952 ex
721 1900 844 1968 sponsu’
878 1898 1007 1968 (itaque
1028 1899 1058 1953 is
1082 1901 1140 1969 qui

126 1969 158 2024 L.
173 1967 339 2038 Spengelius
357 1967 489 2036 itaquis
509 1969 569 2037 qui
580 1969 665 2039 Flor.)
692 1969 790 2023 Potuit
807 1970 878 2024 hese
896 1969 927 2024 in
940 1970 1019 2024 Aonii
1032 1971 1140 2026 Andro-

127 2040 211 2093 meda
238 2039 355 2093 Perseus
383 2039 475 2093 dieere
502 2040 548 2109 (of,
576 2040 642 2095 hist.
670 2043 744 2110 trng.
767 2045 830 2111 563)
857 2042 903 2096 vel
930 2041 961 2096 in
988 2043 1140 2098 Hermione

116 2109 245 2165 'Pacuvii
267 2109 470 2179 Neoptolemus
493 2111 635 2180 Menele0,
659 2111 735 2179 quod
757 2114 853 2166 temen
873 2113 966 2168 minus
984 2114 1139 2184 probabile.

198 2215 373 2270 meministin
404 2217 483 2288 ouipo
514 2216 705 2271 meministine
734 2217 811 2274 Fior.
885 2219 1022 2288 spondere
1050 2223 1140 2277 Laeb-

105 2285 247 2342 'moues
274 2287 446 2356 despondere
476 2287 566 2357 Flos,
595 2289 667 2358 quod
694 2291 743 2358 qui
767 2306 874 2344 seruare
896 2293 965 2345 uolet
990 2294 1031 2360 (ut
1053 2294 1142 2348 suasit

128 2360 211 2414 etium
234 2357 369 2413 Deiatrko
392 2377 456 2413 auu.
476 2359 546 2428 phil.
566 2361 635 2413 1876
655 2376 684 2428 p.
700 2362 763 2426 238)
785 2368 836 2416 aut
859 2363 960 2416 laeuum
978 2363 1141 2432 interpositu

128 2427 304 2482 meministin
330 2431 368 2482 te‘
387 2429 560 2500 despondere
580 2475 585 2484 .
603 2473 608 2484 .
627 2429 698 2482 mihi
724 2448 751 2500 g.
780 2434 800 2486 t.
828 2433 1000 2487 scribendum
1027 2441 1077 2488 aut
1102 2437 1142 2489 sie

129 2499 319 2553 meministine
342 2500 419 2570 desp.
441 2503 470 2554 te
487 2500 559 2554 mihi
576 2519 603 2571 g.
622 2504 642 2556 t.
662 2503 897 2571 tramporwudum
914 2509 960 2558 est.
1025 2507 1142 2573 gnatum

131 2573 213 2641 oripo
231 2573 367 2639 agnatum
387 2571 465 2627 Flor.
484 2575 635 2642 cognatum
653 2573 750 2627 Hauu.

608 2739 675 2800 CIV

133 2837 237 2915 Quem
261 2841 334 2904 edre
356 2841 422 2904 sint
445 2863 526 2926 ques
548 2844 623 2926 post
645 2842 781 2907 serendo
805 2843 1010 2930 intellegunt,

131 2943 299 3029 Quemque
321 2946 480 3011 ettinendi
502 2948 613 3034 insigni
635 2947 819 3013 dominatus
841 2950 933 3014 sient.
1147 2968 1197 3018 195

204 3073 300 3129 Cicero
323 3078 393 3130 oret.
414 3081 461 3145 47,
478 3082 527 3130 15⁷
558 3077 661 3146 ‘qnidr
687 3080 764 3147 quod
787 3079 828 3133 sic
850 3080 942 3148 loqui:
966 3097 1048 3136 nosse
1071 3081 1145 3134 iudi-

132 3162 221 3214 oosse,
239 3149 352 3215 uetant3
371 3146 484 3202 nouisse
502 3147 602 3203 iubent
620 3151 649 3202 et
665 3149 855 3207 iudieuuisse?
870 3196 875 3206 .
888 3197 893 3207 .
906 3196 911 3206 .
926 3151 1023 3222 itnque
1037 3156 1144 3206 utrum-

133 3233 188 3285 qne
211 3217 359 3272 Terentius
432 3217 524 3273 sient
547 3219 662 3290 plenum
685 3223 740 3290 est,
769 3221 840 3276 sint
857 3222 1049 3280 imminutum:
1077 3223 1146 3278 lieet

133 3289 215 3342 utere
234 3290 361 3357 utroque.
400 3305 465 3359 ergo
484 3289 591 3344 ibidem
609 3291 645 3362 [1.
666 3293 714 3363 2].’

204 3410 219 3457 1
246 3404 361 3460 uerendi
388 3405 501 3461 Atrine
530 3406 652 3460 ostende
679 3409 756 3463 codd.
784 3411 922 3479 interpret,
951 3409 1147 3466 Luetmuuuue

187 3491 261 3542 quse
279 3493 365 3543 quem
381 3475 440 3532 sint
457 3493 524 3531 eure
540 3479 707 3534 subnecram
1138 3523 1140 3526 -

189 3574 268 3616 Senon.
283 3587 345 3624 poss.
359 3575 423 3616 Rom.
438 3577 520 3628 fragm.
535 3578 569 3618 sd.
584 3577 700 3620 Binuxux.
953 3576 987 3624 20
