2618 3900
520 217 557 270 Μ.
577 218 756 273 PAGVVIVS
1079 216 1142 279 143

125 378 215 432 Taur.
238 395 264 433 v.
286 383 337 432 236
355 375 498 447 Ἕλληνες·
528 376 559 432 ἓν
585 376 663 433 τοῦτ’
689 374 767 448 οῖδα,
795 377 846 431 κού
873 373 1040 446 περαιτέρω,
1068 376 1141 430 unde

125 448 294 504 coniectura
316 449 370 503 hoc
392 448 425 502 fr.
450 448 500 502 alii
524 449 560 502 ad
583 449 761 504 Dulorestem
783 448 964 516 rettulerunt,
987 447 1048 516 ipse
1068 465 1142 501 nunc

125 521 167 575 ad
189 520 313 588 Chrysen
330 519 471 590 pertinere
489 523 566 590 puto.

202 627 275 682 istoc·
293 628 412 682 Bothius
430 626 487 680 ista
505 627 568 698 Eri.
587 625 643 680 isto
662 647 683 696 φ

589 794 681 854 Xffla

137 903 272 970 Solatur
296 905 470 976 auxiliatur
491 905 704 990 hortaturque
726 927 787 970 me.
1143 916 1194 966 365

203 1027 302 1080 Festus
320 1044 347 1095 p.
367 1032 418 1080 301
433 1027 470 1082 M.
499 1025 623 1081 ‘solari
641 1025 702 1080 sine
719 1025 928 1096 praepositione
947 1027 1050 1082 dixisse
1069 1027 1141 1082 anti-

124 1115 203 1167 quos
221 1097 302 1152 testis
321 1100 365 1151 est
382 1097 531 1168 Pacuuius,
550 1115 613 1152 cum
632 1097 686 1154 ait:
705 1097 822 1152 solatur’
844 1115 866 1153 e.
886 1116 912 1167 q.
933 1117 953 1154 s.

589 1259 682 1326 XIIIb

570 1376 707 1461 Pylades
780 1445 782 1448 .

123 1465 213 1552 'Ego
236 1487 307 1529 sum
331 1463 467 1530 Orestes.
1128 1465 1196 1534 365²

571 1553 699 1620 Orestes

238 1657 352 1726 'Immo
376 1662 461 1726 enim
484 1683 561 1726 uero
586 1683 645 1748 ego
669 1684 754 1748 sum,
776 1659 922 1747 inquam,
946 1659 1074 1728 Orestes
1089 1713 1096 1727 .
1111 1713 1140 1728 ..

513 1767 532 1808 s
686 1767 705 1809 s

563 1812 707 1959 VOerque

125 2034 133 2046 .
155 2034 162 2046 .
185 2032 219 2044 ..
244 1980 339 2045 ambo
363 2002 439 2067 ergo
462 1981 564 2067 igitur
586 1979 684 2046 simul
706 2003 771 2045 unu
793 1981 948 2046 enica'rier

127 2087 389 2172 comprecamur.

203 2208 299 2264 Cicero
318 2209 353 2262 de
372 2208 418 2264 fin.
437 2209 463 2263 V
478 2214 525 2277 22,
540 2214 573 2264 63
594 2208 654 2277 ‘qui
674 2208 809 2263 clamores
827 2208 907 2280 uulgi
927 2211 1011 2278 atque
1029 2208 1141 2280 imperi-

124 2285 224 2337 torum
252 2279 411 2334 excitantur
436 2279 467 2333 in
493 2278 625 2349 theatris,
653 2297 717 2334 cum
740 2279 792 2334 illa
815 2279 957 2336 dicuntur:
986 2297 1047 2351 ego
1071 2299 1142 2335 sum

125 2353 286 2418 Orestes,
306 2353 459 2419 contraque
478 2351 514 2404 ab
534 2351 636 2406 altero:
660 2350 773 2405 immo’
794 2368 817 2408 e.
837 2370 863 2420 q.
883 2369 904 2406 s.
943 2351 1028 2406 ‘Oum
1047 2355 1142 2407 autem

126 2423 218 2478 etiam
237 2421 350 2476 exitus
370 2422 411 2476 ab
429 2425 575 2490 utroque
594 2421 695 2475 datur
714 2423 921 2477 conturbato
940 2423 1141 2491 errantique

126 2492 1141 2620 amiciciam.{attraheressiaiusi

127 2583 1140 2776 assastitussaamassiaeciuibus

126 2798 185 2848 quo
205 2750 298 2832 miirus
317 2779 400 2834 ambo
418 2795 475 2832 una
491 2750 662 2832 necaiemini
679 2795 736 2832 non
753 2750 931 2847 piccareret'
968 2777 1046 2832 Idem
1063 2750 1140 2832 Laeli

128 2855 210 2918 7,24
236 2849 309 2918 ‘qui
332 2849 498 2904 clamores
521 2852 597 2904 tota
619 2866 724 2903 cauea
746 2865 852 2918 nuper
874 2848 909 2902 in
931 2848 1083 2920 hospitis
1107 2852 1141 2903 et

127 2919 233 2976 amici
251 2920 317 2975 mei
334 2921 371 2974 M.
391 2919 534 2975 Pacuuii
552 2938 640 2975 noua
658 2920 791 2976 fabula!
818 2938 881 2974 cum
899 2919 1047 3002 ignorante
1065 2936 1139 2990 rege,

126 2995 194 3047 uter
216 2994 291 3046 esset
314 2991 439 3061 Orestes,
461 2991 583 3062 Pylades
607 2991 733 3046 Orestem
756 3008 786 3046 se
809 3008 869 3046 esse
893 2992 1010 3061 moeret,
1036 2994 1068 3046 ut
1089 3008 1140 3061 pro

127 3065 180 3119 illo
204 3065 366 3132 necaretur,
389 3062 501 3118 Orestes
525 3066 632 3132 autem,
659 3061 702 3117 ita
724 3065 757 3117 ut
779 3066 853 3132 erat,
878 3062 1005 3119 Orestem
1028 3079 1058 3118 se
1080 3079 1141 3117 esse

126 3137 330 3206 perseueraret.
368 3136 475 3189 stantes
497 3134 673 3204 plaudebant
692 3133 723 3188 in
740 3150 770 3188 re
789 3134 874 3188 ficta'
913 3135 947 3190 cf.
966 3133 1140 3204 Augustinus

127 3205 249 3276 confess.
267 3205 307 3260 IV
321 3212 345 3261 6.
386 3206 419 3260 In
447 3205 563 3286 Chryse,
595 3223 652 3259 non
679 3205 710 3259 in
735 3205 883 3260 Duloreste
910 3205 984 3260 hanc
1011 3222 1141 3260 scaenam

125 3278 217 3332 fuisse
236 3276 358 3332 coniecit
377 3276 408 3332 O.
427 3277 546 3331 Jahmus
564 3277 657 3332 Herm.
675 3277 702 3330 H
716 3282 776 3331 233.

202 3390 266 3454 aeq.
286 3385 321 3451 cf.
340 3385 430 3439 coroll.
449 3383 550 3438 XLVH
568 3384 651 3437 ambo
670 3399 737 3453 ergo
755 3381 852 3453 (igitur
872 3383 965 3454 Viuo.)
983 3399 1139 3454 sunanega-
1171 3447 1174 3452 ¹

126 3473 198 3510 num
216 3457 266 3525 (sic
280 3455 371 3510 Pulut.
387 3455 504 3525 Erloag.
525 3453 731 3524 sunaniganum
750 3456 791 3509 ccl
809 3471 918 3507 summa
934 3454 1062 3525 negarim
1080 3457 1141 3524 alis)

126 3543 278 3597 precamur
294 3547 316 3580 ω
335 3526 418 3580 ambo
437 3542 503 3596 ergo
522 3541 579 3579 una
597 3525 723 3579 necarier
735 3540 881 3596 precamur
896 3527 1045 3582 Macetae
1059 3525 1141 3580 ambo

127 3614 197 3669 ergo
221 3597 262 3652 sic
285 3613 343 3651 una
366 3596 502 3652 enioarier
524 3595 737 3666 Oomprecamur
760 3596 811 3664 (ccl
833 3611 980 3664 precamur
1001 3599 1033 3652 ia
1054 3599 1141 3651 medic
