2630 3886
53 123 55 126 Ι
157 163 222 226 276
329 163 378 216 EX
396 163 562 219 INCER'I'IS
581 164 823 220 INOERTORVM
843 165 993 219 FABVLIS

157 340 250 448 teet
274 340 427 464 tedet
450 327 582 449 illinis*
595 326 811 469 &millii
827 325 1172 451 ..tetendit

158 465 297 534 nolemus,
320 465 469 520 conueniet
491 465 597 534 primc'
622 467 711 536 suppl.
731 467 832 540 Marx>
853 467 899 520 ‘in
916 467 978 522 loco
998 467 1171 522 constituere

157 554 257 590 manus
276 537 313 591 ad
331 537 440 591 caelum
457 537 605 591 tollentem
622 537 783 607 Domitium,
803 556 867 592 cum
886 539 1040 608 achibus
1055 539 1172 592 Marciis

157 607 386 663 loriscaedatur.
423 608 561 663 hocerit:
589 608 656 662 iam
678 610 810 663 domum
831 609 975 664 itionem
997 626 1102 680 reges.
1138 610 1173 663 in

158 679 247 734 altero
261 679 324 734 loco
338 680 507 749 Aesopum
523 682 556 733 et
570 679 739 734 Cimbrum
753 681 939 735 subornare
953 681 1172 751 Iphigeniam

157 751 256 804 uelut
274 752 557 821 Agamemnonem
577 754 611 804 et
629 752 826 806 Menelaum.
863 753 919 806 hoc
935 753 1001 807 erit:
1024 752 1171 806 Atridae

156 825 288 892 parant.
317 823 371 876 hoc
388 823 472 876 modo
492 821 586 876 omnia
605 824 692 876 uerba
710 825 792 876 erunt
810 824 960 892 expressa!
987 823 1171 877 subornari

157 895 195 946 ut
211 895 252 946 ad
266 893 486 963 ephigeniam
502 893 537 946 in
551 910 825 963 agamemnonem
839 897 872 948 et
885 895 1074 948 menelaum
1088 895 1170 949 codd.

157 964 252 1018 mutili
275 965 461 1018 subornari
484 968 521 1018 ut
543 965 599 1018 uel
621 967 805 1034 uagantem
824 965 1042 1035 ephigeniam
1059 965 1177 1034 (caterio¹

157 1035 1173 1176 tntilldttlisshilittleutelelitfflhtttssl

157 1149 327 1246 Aesopum
345 1180 380 1231 et
396 1152 565 1232 Cimbrum
583 1178 618 1232 in
636 1151 980 1249 Iphigenia'agenies
994 1179 1172 1248 Agamem-

157 1265 277 1315 nonem
304 1251 339 1302 et
364 1249 556 1322 Menelaum
582 1252 648 1319 post
675 1249 853 1304 Schuetzium
881 1249 1030 1319 Bergkiua,
1059 1251 1109 1318 qui
1137 1267 1173 1304 ex

157 1319 242 1373 Ennii
263 1319 411 1390 Iphigenia
439 1323 551 1390 sumpta
578 1337 639 1374 esse
662 1320 790 1374 coniecit.
829 1321 984 1375 Confictum
1006 1337 1067 1374 esce
1086 1341 1111 1375 v.
1135 1339 1172 1376 ne

22 1409 25 1417 ¹
158 1391 282 1444 Marxius
300 1391 414 1460 quidem
432 1397 468 1461 (p.
490 1395 551 1461 132)
569 1391 721 1460 persuasit:
740 1391 774 1447 cf.
795 1391 890 1446 coroll.
909 1392 991 1446 LXV.

229 1497 306 1552 domi
323 1497 462 1552 ultionem
479 1505 593 1567 utroque
612 1481 669 1554 loco
686 1519 708 1552 ω
727 1498 930 1554 domuitionem
949 1500 1086 1554 Victorius

157 1748 299 1812 Domum
313 1748 424 1812 ilionis
439 1747 547 1832 cupidi
561 1748 732 1832 imperium
746 1750 832 1834 regis
841 1771 941 1833 paene
950 1749 1172 1816 inminuimua

228 1869 300 1922 Non.
321 1874 362 1935 96,
378 1875 393 1921 3
415 1867 671 1922 ‘domutionem
707 1869 847 1922 Pacuuius
866 1869 1018 1924 Hermiona
1033 1916 1038 1924 .
1051 1914 1055 1923 .
1069 1915 1074 1924 .
1089 1871 1172 1925 Luci·

157 1939 375 1993 liuslib.xxv1:
405 1938 593 1992 domutionis’
619 1955 642 1993 e.
661 1957 688 2007 q.
707 1958 728 1994 s.
771 1939 910 1994 Videntur
937 1941 1011 1995 enim
1038 1942 1109 1996 haec
1137 1959 1172 1996 ex

157 2009 305 2080 tragoedia
333 2012 445 2078 sumpta
471 2026 540 2066 csse.
578 2009 707 2080 Cogitavi
735 2011 770 2065 de
797 2011 921 2081 Telepho
945 2012 1028 2066 Ennii
1051 2013 1112 2082 (sed
1135 2013 1170 2068 cf.

158 2081 253 2136 coroll.
268 2081 364 2150 LXV):
383 2081 482 2134 eodem
499 2080 597 2135 rettuli
615 2081 648 2136 fr.
662 2081 721 2135 XV.
741 2079 812 2136 XVI.
833 2083 918 2137 XVII.
947 2083 1060 2153 Tragici
1074 2101 1171 2140 versus

102 2185 105 2194 ι
157 2152 337 2222 Lachmanno
356 2150 526 2206 videbantur
543 2151 691 2206 Luciliana
710 2157 761 2206 743
773 2171 812 2221 sq.
834 2159 884 2207 745
895 2171 936 2222 sq.
955 2155 984 2210 L.

229 2256 400 2311 domutionis
420 2279 441 2312 ω

635 2339 690 2396 XV

158 2436 336 2514 Quodnisi
359 2439 493 2524 quieris,
515 2437 674 2524 Menelao,
696 2439 756 2504 hac
779 2439 892 2505 dextra
915 2441 1046 2506 dociden.

229 2559 334 2613 Seneca
361 2559 441 2628 epist.
466 2565 501 2613 80
535 2559 599 2614 ‘ille
631 2559 680 2630 qui
708 2561 844 2630 superbus
873 2563 958 2629 atque
985 2562 1115 2632 inpotens
1144 2565 1173 2616 ot

158 2629 261 2683 fiducia
288 2629 392 2682 uirium
418 2629 544 2684 tumidus
573 2631 625 2685 ait:
658 2631 746 2700 quod
770 2631 854 2684 nisi’
876 2649 898 2686 e.
919 2651 946 2700 q.
965 2651 985 2687 s.
1025 2633 1172 2686 ‘diurnum

158 2701 319 2770 accipitur
338 2701 504 2756 centunculo
525 2701 647 2756 dormit.’

228 2807 273 2862 Dc
295 2808 417 2876 elicium,
441 2826 510 2877 quoe
533 2816 571 2862 est
591 2810 623 2863 ic
640 2826 701 2864 occe
720 2809 861 2878 Menelae‚
885 2811 958 2864 dicit
975 2809 1174 2865 Lachmoaoua

137 2919 139 2924 .
158 2881 189 2932 ia
207 2879 291 2932 Itucr.
306 2895 336 2947 p.
357 2883 407 2932 162
627 2959 699 3016 ΧἯ

8 3056 11 3064 ’
156 3055 255 3125 Proin
279 3057 384 3121 demet
407 3057 465 3121 abs
488 3061 520 3122 te
543 3061 686 3145 regimen
710 3058 830 3146 Argos,
859 3060 935 3124 dum
958 3061 1007 3124 est
1029 3065 1174 3145 potestas

793 3166 919 3230 consili.

228 3283 273 3336 Fr.
293 3283 425 3350 demetr.
446 3284 523 3339 CGL.
538 3286 577 3339 VI
592 3291 642 3340 613
657 3287 689 3341 K.
716 3286 895 3340 ‘octonarius
915 3286 1038 3342 iambus:
1058 3290 1173 3360 proin'

158 3369 182 3408 e.
202 3371 227 3420 q.
247 3371 268 3407 s.
574 3385 575 3390 κ

229 3458 311 3526 proin
333 3461 428 3514 demet
450 3462 648 3517 Lachmauuua
670 3463 788 3532 proinde
815 3467 844 3518 et
867 3486 888 3519 ω
965 3467 1065 3520 concili
1086 3469 1176 3524 Luch-

158 3545 277 3582 maunue
295 3531 458 3584 consulendi
478 3553 498 3585 ω
