2630 3886
168 140 233 203 322
593 141 753 196 NAEVIVS

168 299 202 354 of.
225 285 265 354 ibss
280 305 321 355 28.
360 303 471 370 (casea
493 301 668 354 Hermannus
692 317 771 354 asoa
789 301 880 354 Haun.
905 305 981 356 asta
999 303 1071 358 Flor.
1092 303 1177 358 Goth.

167 371 267 424 hasta
281 372 343 426 Par.
358 388 376 425 a
390 371 451 425 etb
472 371 557 426 Osos
571 372 702 442 Scaliger.
723 375 820 426 easta
838 372 1020 442 participium
1035 391 1052 427 a
1065 375 1177 430 Naeuio

167 445 332 511 usurpatum
349 441 435 496 trisse
453 445 537 512 putat
553 443 750 513 Buechelerus)

637 586 639 592 ’
656 577 688 634 Π

211 679 345 740 sponsus
444 651 451 662 ⁸

236 777 325 832 Varro
345 780 380 833 de
399 779 416 832 l.
436 779 454 834 l.
470 780 522 833 VH
537 785 587 834 107
601 781 638 833 M.
660 779 760 834 ‘multa
779 781 855 850 apud
873 783 972 850 poetas
990 781 1101 850 reliqua
1115 799 1177 837 esse

165 848 266 917 uerba,
294 867 411 918 quorum
439 849 561 920 origines
587 850 697 921 possint
722 850 791 919 diei,
819 869 877 906 non
904 851 1015 922 dubito,
1044 856 1077 906 ut
1099 855 1177 922 apud

165 919 306 974 Naeuium
331 920 361 974 in
378 921 501 975 Aesiona
516 965 522 976 .
540 967 545 977 .
560 921 591 975 in
610 921 746 976 Clastidio
762 966 767 976 .
784 967 789 976 .
804 921 835 975 in
853 922 925 976 Dolo
941 966 947 978 .
963 967 968 976 .
983 922 1013 976 in
1031 923 1176 978 Demetrio

112 993 114 996 ’
167 989 236 1044 ..in
253 991 445 1061 Lampadione
460 1036 465 1046 .
478 1038 483 1048 .
496 1037 518 1048 ..
534 993 564 1047 in
581 993 714 1048 Romulo:
739 1010 896 1062 sponsus,
920 997 1018 1048 eontra
1041 1011 1177 1064 sponsum

165 1063 301 1130 rogatus'
330 1066 567 1134 (consponsus‚
591 1067 711 1118 eontra
730 1082 874 1134 sponsus
893 1065 1081 1120 Neukirohius
1101 1066 1175 1121 oonl.

165 1132 244 1187 Varr.
264 1133 299 1186 de
317 1133 335 1187 l.
354 1133 372 1190 l.
393 1135 432 1188 VI
451 1141 501 1190 702·
527 1152 669 1205 sponsus
697 1138 812 1189 tuentur
834 1136 1010 1190 Hermannus
1034 1139 1064 1191 et
1086 1137 1176 1191 Lach-

164 1220 291 1258 mannus.
329 1204 369 1258 cf.
388 1205 479 1260 Naevi
498 1224 567 1260 eom.
586 1205 639 1260 inc.
660 1207 717 1261 fab.
735 1205 836 1277 XXVI)

604 1357 732 1415 LVPVS

657 1481 675 1538 I
960 1528 961 1532 ,

127 1579 233 1648 eRe'x
254 1581 373 1646 Veiens
394 1584 503 1668 regem
526 1581 646 1646 salutat
668 1580 754 1646 Vssre
779 1579 940 1646 Albanum
963 1580 1132 1648 Amulium

164 1685 305 1751 Comiter
332 1691 439 1752 senem
466 1689 651 1772 sapientem.
698 1690 809 1752 eontra
831 1689 1013 1754 redhostis?
1036 1729 1078 1736 -
1103 1690 1173 1754 Min

799 1795 906 1860 salus?

232 1906 376 1975 aestuap.
393 1913 444 1960 270
458 1907 495 1960 M.
518 1907 743 1976 ‘redhostire‚
762 1907 865 1961 referre
883 1907 1013 1976 gratiam.
1041 1907 1173 1962 Nauius

160 1975 191 2029 in
209 1976 314 2046 Lupo:
338 1977 385 2030 uel
403 1977 521 2031 Veiens'
543 1995 565 2032 e.
585 1996 611 2046 q.
631 1995 652 2032 s.
690 1978 851 2047 (Naeuius
873 1977 908 2031 in
926 1979 1018 2032 Ludo
1038 1979 1173 2049 Scaliger.

161 2047 293 2102 Nouius
311 2047 347 2101 in
360 2048 451 2116 Lupo
466 2048 661 2119 Augustinus.)
683 2049 725 2103 De
739 2052 840 2120 togata
854 2049 991 2119 cogitavit
1005 2049 1174 2106 Grauertus:

160 2121 338 2188 praetextam
356 2135 417 2172 esse
435 2135 487 2172 neo
506 2119 646 2174 diversam
665 2137 682 2174 a
700 2120 820 2174 Romulo
839 2120 907 2174 olim
925 2120 1083 2190 suspicatus
1103 2139 1172 2175 sum.

160 2189 384 2258 Paratragoedat
401 2189 519 2244 Plautus
538 2191 618 2245 True.
634 2197 694 2245 515.

233 2301 246 2348 1
270 2311 319 2349 rex
339 2295 442 2350 Veiens
464 2299 563 2366 sor-ipsi
585 2297 632 2351 uel
655 2297 751 2352 ueiens
774 2300 832 2353 sod.
855 2297 905 2351 ubi
923 2298 1026 2352 Veiens
1050 2299 1173 2370 Scaliper

160 2366 287 2421 Veientis
311 2368 443 2422 Vsenerns
523 2367 630 2422 salutat
653 2369 775 2440 Seatiper
797 2371 843 2439 (ef.
867 2370 967 2424 Plauti
989 2371 1088 2439 Amph.
1108 2374 1172 2438 676)

161 2438 267 2493 saltant
284 2441 341 2493 eod.
362 2437 469 2492 saluere
489 2440 605 2494 Vrsinus
664 2439 737 2494 Vibo
757 2441 798 2494 oet
815 2439 889 2494 Viba
908 2441 970 2496 Bne
988 2443 1030 2510 (dr
1048 2441 1172 2496 Etrusca

158 2511 278 2564 nominis
295 2511 385 2577 formo
403 2512 437 2578 of.
460 2510 489 2564 0.
507 2511 639 2566 Muelleri
656 2513 766 2566 Etrnso.
786 2512 825 2564 II
834 2515 897 2580 424)
920 2511 986 2584 uibe
1003 2513 1061 2566 cod.
1085 2512 1171 2566 iubeo

159 2581 279 2652 Scaliger
301 2579 382 2634 iubet
405 2582 527 2636 Vrsinus.
565 2583 632 2636 Non
654 2584 771 2636 multene
793 2585 865 2638 obsit
887 2581 986 2636 'Febris
1004 2599 1115 2638 nomen:
1134 2586 1169 2651 of.

85 2712 87 2716 ,
164 2653 251 2707 Varro
270 2653 302 2706 de
321 2653 338 2707 l.
358 2653 374 2705 l.
395 2653 466 2706 Vso
480 2653 523 2706 M.
595 2653 739 2706 Amulium
759 2653 881 2724 Seoliper
902 2652 1021 2706 mulium
1040 2655 1097 2709 cod.

159 2729 175 2774 2
200 2721 316 2776 comiter
339 2722 461 2793 Scaliger
488 2723 591 2778 comite
615 2727 672 2779 eod.
748 2723 889 2778 redhostit
914 2725 1037 2796 Scatr'per
1111 2723 1171 2777 min

159 2793 254 2848 salus?
269 2795 368 2862 scripsi
380 2793 507 2848 menalus
521 2797 578 2850 cod.
593 2795 722 2850 Menalus
736 2795 858 2866 Seolr'per
909 2796 1051 2867 Inteprnrn
1064 2813 1171 2851 oersnrn

159 2864 276 2918 comiter
303 2883 323 2919 s.
349 2865 505 2933 sapientem
527 2869 625 2920 eontra
648 2865 788 2921 redhostit
809 2869 873 2920 mea
896 2866 973 2920 salus
995 2869 1172 2936 respondenti

159 2938 208 2990 dot
225 2937 288 2990 Bne
820 2965 823 2971 ·
1125 2987 1129 2994 .

648 3018 679 3076 H

160 3113 244 3180 Cedo
269 3113 329 3199 qui
348 3137 417 3180 rem
439 3121 581 3194 uestram
603 3117 766 3201 pnblieam
789 3122 913 3182 tantam
931 3119 1083 3182 amisistis
1101 3119 1169 3182 tam

794 3226 881 3290 cito?
902 3263 943 3272 -

156 3327 394 3425 Proue‘m'ebant
418 3331 560 3394 oratores
582 3329 692 3415 nouos,
715 3330 808 3394 stulti
831 3331 1069 3396 adulescentuli.

229 3438 323 3492 Cicero
347 3441 406 3495 Cat.
425 3441 491 3496 mai.
507 3448 538 3510 7,
551 3448 585 3496 20
599 3442 701 3510 '‘quod
726 3442 750 3495 si
768 3443 861 3512 legere
880 3445 931 3496 aut
949 3443 1045 3498 audire
1063 3444 1167 3499 uoletis

158 3509 285 3577 externa,
303 3511 439 3565 maximas
457 3529 501 3566 res
519 3512 647 3581 publicas
667 3513 702 3566 ab
722 3513 950 3569 adulescentibus
968 3515 1166 3585 labefactatas,
