2630 3886
283 85 332 138 EX
350 85 515 140 INCERTIS
535 87 774 142 INCERTORVM
792 88 944 144 FABVLIS
1053 89 1118 152 315

542 255 689 314 CXXXIX

107 352 239 419 Amicos
262 355 302 418 ad
325 355 407 419 1111110
430 378 511 440 rem,
534 361 571 420 ut
594 357 690 441 soles,
713 357 877 422 aduocato

179 479 211 530 ut
234 476 319 545 soles,
344 477 674 533 conmendantes
697 478 722 531 si
745 478 822 532 uoles
841 479 949 532 aduoca
968 500 1001 547 ω,
1026 487 1118 536 tuetur

107 548 245 618 Baetice
257 551 369 604 creticos
381 551 502 604 baccheia
515 551 673 604 admisceas.
688 549 785 603 uolens
796 549 941 604 aduocabo
950 567 971 605 a
984 569 1002 605 a
1011 553 1118 622 trayim

106 636 207 677 000000
225 621 401 676 bucceliam
418 638 471 675 esee
486 622 661 676 contendens:
679 622 830 676 comoediae
842 622 982 676 reddendo
995 639 1048 676 csse
1061 624 1118 677 iam

109 689 262 760 Geppertas
279 693 398 757 censuit;
415 710 464 746 acc
481 709 548 762 nepo
566 694 723 763 ambipwam
741 709 794 746 cece
812 693 947 747 Indicisue
965 695 1009 764 (cf.
1027 696 1116 748 coroll.

106 761 217 830 LXVII)
273 761 310 815 ad
328 761 410 829 hanc,
430 761 454 815 si
473 763 559 825 uoles,
579 763 688 817 aduoca
706 779 765 816 rem
783 765 897 818 coniecit
914 765 976 818 Bae

575 913 649 972 CXL

106 1013 239 1077 H6rridi
263 1014 431 1078 trenseunt
454 1014 494 1077 ad
516 1015 612 1098 pedes
635 1017 675 1079 e'x
698 1016 797 1099 equis.

179 1135 329 1202 Condatem
351 1153 404 1190 esse
426 1153 533 1190 oeream
550 1143 638 1190 censet
655 1153 687 1190 a:
711 1135 818 1216 horridi
836 1139 937 1206 equites
954 1154 990 1192 ec.
1005 1139 1118 1206 pulvere

3 1247 4 1262 r
104 1208 246 1262 cteudorc

564 1285 656 1343 CXLI

106 1385 244 1474 Struunt
267 1408 392 1452 sorores
410 1385 548 1452 ‘Atticae
572 1387 676 1450 dirum
699 1387 797 1450 nefas.
1118 1401 1171 1449 240

176 1507 282 1561 Marius
296 1508 457 1562 Victorinus
474 1507 551 1562 CGL.
565 1508 605 1562 VI
620 1514 670 1561 149
684 1507 717 1562 K.
746 1508 806 1576 (ubi
829 1508 864 1561 de
887 1507 1118 1576 hendecasyllabi

105 1577 251 1634 elementis
269 1579 382 1649 dicitur)
403 1580 498 1636 ‘ilemz
517 1595 597 1633 meae
612 1579 749 1634 Camenae
767 1578 900 1634 caelibum
913 1581 1002 1633 testor
1019 1594 1116 1648 genus,

104 1649 250 1704 iambicus,
287 1651 369 1706 Item:
398 1667 510 1704 carmen
535 1649 660 1704 Pierides
689 1653 827 1704 struunt
855 1666 988 1704 sorores
1014 1683 1047 1689 —
1076 1651 1117 1703 iba

105 1720 303 1790 complebitur:
336 1739 450 1777 carmen
481 1721 606 1776 Pierides
637 1726 767 1792 pangunt
797 1721 979 1776 memorabile
1006 1721 1121 1780 Musae,

105 1791 219 1860 dehinc,
247 1795 386 1847 struunt
414 1810 548 1848 sorores
576 1794 715 1848 Atticae
745 1794 854 1846 dirum
881 1792 997 1848 nefas.’
1036 1792 1116 1846 Terei

103 1862 231 1917 fabulam
249 1863 320 1918 haec
337 1864 468 1933 produnt.

177 1969 278 2022 durum
297 1972 358 2024 Pal.
379 1972 445 2026 Par.

557 2051 664 2110 CXLII

105 2148 186 2213 Diui
206 2153 367 2235 potentes,
391 2152 471 2215 ferte
494 2152 622 2216 lassatis
645 2155 751 2236 opem!

175 2271 281 2324 Marius
301 2270 462 2325 Victorinus
482 2272 558 2327 CGL.
573 2271 612 2326 VI
627 2279 659 2326 79
674 2273 707 2326 Κ.
742 2273 986 2342 ‘penthemimeres
1013 2273 1043 2326 in
1066 2274 1116 2326 tri-

104 2341 201 2397 metris
226 2342 296 2397 satis
318 2343 466 2412 probatur,
491 2360 564 2412 quae
585 2359 636 2412 per
658 2343 739 2397 binos
763 2342 872 2396 iambos
896 2347 925 2396 01
946 2343 1117 2412 semipedem

105 2414 193 2468 uerba
216 2413 290 2483 finit,
315 2417 348 2468 ut
366 2416 420 2468 est:
444 2414 532 2468 diui'
554 2431 576 2468 e.
596 2433 623 2482 q.
643 2431 664 2468 s.
701 2414 877 2467 Pseudoacro
896 2414 933 2467 ad
949 2414 1014 2467 Hor.
1034 2416 1115 2495 epod.

104 2484 166 2539 init.
193 2484 346 2538 ‘iambicus
370 2484 497 2540 trimeter
519 2485 643 2554 tragicus
665 2484 767 2565 recipit
784 2484 869 2552 pedes
889 2485 1014 2553 dextros,
1038 2485 1116 2538 111110-
1180 2527 1181 2532 ,

104 2555 173 2608 lieet
191 2555 341 2623 spondium
358 2556 487 2625 primum,
506 2555 623 2610 tertium
641 2558 670 2610 01
688 2559 831 2624 qumtum3
851 2553 979 2609 sinistros
998 2555 1115 2624 iambos,

104 2623 241 2748 pidtelitcet
261 2627 426 2695 secundum,
451 2630 583 2695 quartum
602 2631 631 2682 01
649 2629 771 2682 sextum:
794 2625 874 2680 diui.
893 2671 897 2680 .
914 2671 919 2680 .
936 2627 1036 2696 opem'
1075 2626 1115 2681 cf.

125 2713 170 2748 1s.
203 2713 263 2765 rag.
279 2703 338 2750 542.

176 2801 224 2854 uix
243 2801 312 2856 satis
333 2806 351 2857 i.
371 2822 392 2858 c.
412 2803 531 2874 uexatis,
550 2814 582 2860 01
599 2808 674 2861 dedit
694 2806 937 2876 0100010000101.
956 2805 1027 2860 Hor.

552 2955 674 3016 CXLIII

104 3056 354 3121 Μ1011111111010
379 3059 463 3121 te'cte
485 3057 617 3122 sublimi
640 3062 744 3122 aurea.

177 3177 289 3232 Servius
312 3177 386 3232 deC
410 3178 506 3233 metris
529 3179 605 3234 OGL.
620 3180 659 3233 IV
672 3185 724 3234 467
739 3179 772 3233 Κ.
811 3179 878 3233 ‘reci
898 3195 993 3233 recum
1014 3177 1116 3232 iambi-

106 3267 170 3303 cum
188 3249 217 3302 in
236 3248 393 3321 elegiacum
411 3253 462 3319 est,
481 3250 612 3319 quotiens
631 3268 648 3305 a
666 3251 720 3305 fine
739 3268 854 3304 scansus
868 3197 1024 3318 eXegiaoum
1037 3249 1115 3318 iacit,

105 3324 139 3374 ut
156 3323 200 3374 est
217 3321 282 3376 hoe:
304 3321 447 3376 micant’
468 3339 532 3390 eq.
548 3341 569 3376 s.
599 3323 717 3376 ‘aurea
735 3321 877 3376 sublimi
894 3323 989 3375 tecta
1002 3319 1116 3375 nitore

105 3391 252 3516 micabnt’
282 3392 412 3447 Fortasse
430 3410 460 3447 re
480 3410 546 3448 vera
565 3393 684 3465 elegiaci
702 3396 803 3463 poetae
820 3397 898 3448 sunt:
918 3392 1038 3446 conficta
1056 3409 1116 3447 esse

106 3479 187 3518 oense
219 3481 246 3516 x.
