2630 3886
347 141 378 196 L.
398 141 523 196 ACCIVS
560 141 753 198 POMPILIVS
789 143 908 198 IVLIVS
1069 142 1135 206 263

121 299 234 354 ibidem
247 299 351 370 legitur
364 318 391 370 p.
402 307 453 354 313
468 320 493 356 v.
509 305 641 356 struere
658 303 703 372 (cf.
718 303 812 357 coroll.
823 302 919 372 LXIII)
933 319 1007 356 nunc
1020 301 1134 357 comicis

121 372 242 426 reddere
266 370 360 425 malui.
399 371 489 436 Quam
512 373 580 426 olim
604 391 718 428 numero
741 374 788 427 XL
812 372 922 442 signavi
945 373 1039 443 glossa
1058 373 1134 443 (OGI.

122 443 152 494 V
166 447 218 496 234
233 441 275 511 G.)
294 441 395 496 Lucilii
414 446 457 496 est
476 443 521 513 (cf.
540 445 639 498 Loewe
657 445 751 498 Prodr.
767 445 836 514 VH).

471 633 783 720 POMPILIVS

124 799 201 864 Heu
223 801 286 884 qua
308 821 359 863 me
383 821 490 884 causa,
513 798 668 887 Fortuna,
691 802 806 866 infeste'
827 803 968 887 premis?

199 921 285 975 Varro
309 922 343 975 de
367 921 540 976 11171193
571 923 661 992 ‘apud
688 923 821 977 Plautum
849 941 940 978 euax.
958 969 962 979 .
979 969 984 978 .
999 927 1031 978 ut
1059 924 1134 994 apud

124 991 248 1046 Ennium
266 993 356 1046 hehae
372 1037 377 1048 .
394 1037 399 1046 .
417 1037 421 1046 .
438 993 514 1062 apud
532 993 653 1047 Ennium
671 994 743 1048 eheu
758 1039 763 1048 .
780 1039 785 1050 .
802 1039 808 1050 .
824 995 912 1065 apud
930 994 1135 1065 Pompilium

124 1064 208 1118 heu'
228 1080 250 1118 e.
269 1082 295 1132 q.
316 1082 336 1118 s.
374 1063 525 1134 Tragicum
551 1068 664 1134 poetam
692 1082 752 1119 esse
780 1065 885 1120 ovincIt
910 1067 1082 1136 epigramma
1104 1065 1135 1120 in

124 1135 261 1190 Varronis
280 1137 375 1188 satura
395 1134 459 1198 ὄνος
478 1135 561 1203 λύρας
579 1135 715 1190 insertum
734 1137 775 1206 (fr.
796 1143 848 1190 356
862 1138 903 1206 B.)

286 1205 373 1259 Pacui
392 1205 545 1275 discipulus
564 1207 653 1275 dicor,
672 1224 754 1277 porro
773 1207 797 1261 is
816 1209 974 1277 foilnani,

353 1276 454 1330 Enuiu'
473 1278 628 1332 Musarum:
647 1277 800 1347 Pompssius
819 1279 920 1334 olueor.

124 1348 283 1404 Satirarum
300 1351 414 1416 poetam
432 1347 519 1402 fuisse
535 1365 667 1418 perversa
685 1349 794 1403 ratione
813 1350 914 1404 statuit
931 1351 1031 1405 Havet.

288 1537 330 1622 O.
354 1536 524 1623 IVLIVS
549 1536 751 1622 CAESAR
774 1537 975 1624 STRABO

244 1685 288 1754 (cf.
308 1684 444 1739 Asconius
463 1684 493 1738 in
512 1684 651 1740 Ciceronis
671 1685 853 1741 Scantianum
869 1706 896 1757 p.
912 1693 946 1742 24
961 1686 1016 1757 Or.)

525 1819 734 1878 ADRASTVS

124 1938 211 2003 Cum
235 1939 340 2021 capilo
362 1938 459 2002 uiridi
482 1938 572 2002 lauro
596 1939 702 2002 uelare
723 1938 883 2022 imperant

121 2042 307 2128 Prophetae
330 2045 444 2128 sancti,
468 2045 553 2108 caste
577 2045 633 2128 qui
655 2046 773 2128 purant
795 2065 892 2108 sacra.

199 2165 297 2218 Festus
315 2184 342 2235 p.
358 2171 409 2218 229
424 2165 461 2220 M.
495 2165 697 2234 ‘prophetas
715 2165 745 2218 in
763 2165 884 2220 Adrasto
903 2165 989 2220 Iulius
1008 2167 1137 2222 nominat

122 2235 271 2291 antistites
281 2236 410 2290 fanorum
419 2235 649 2304 oraculorumque
659 2236 838 2304 interpretes:
854 2254 917 2290 cum
925 2237 1031 2306 capita’
1043 2255 1065 2293 e.
1073 2257 1102 2307 q.
1113 2257 1134 2294 s.

200 2347 216 2394 1
240 2345 337 2396 sancta
364 2342 406 2397 ita
433 2345 511 2396 caste
539 2344 594 2396 cod.
623 2344 655 2396 aa
680 2344 779 2412 quibus
807 2342 897 2396 sancti
925 2345 1006 2398 latera
1030 2348 1146 2401 monuit.

123 2415 320 2484 Kmmlloqias.
343 2417 440 2468 sancte
458 2416 537 2467 casta
555 2413 692 2484 Ber-ylatas
710 2415 808 2466 sancta
827 2415 903 2466 caste
922 2414 1019 2469 Delra'o
1037 2418 1136 2470 sancta

121 2483 171 2538 ibi
194 2487 269 2538 caste
295 2485 505 2540 1111111111.
542 2485 590 2538 Aa
610 2486 690 2537 casta
707 2486 803 2538 caste?
875 2487 974 2538 curant
992 2485 1136 2557 1111911111,

119 2559 241 2625 fortasse
259 2563 327 2610 reete

265 2656 266 2662 ¹
525 2634 737 2694 TEVTHRAS

124 2753 325 2819 Flammam
347 2777 405 2838 per
427 2753 571 2818 aethram
593 2755 657 2818 late
680 2753 837 2818 semidam
859 2753 940 2818 ferri
959 2754 1061 2819 facem

202 2873 361 2929 Macrobius
376 2876 433 2930 Sat.
448 2875 487 2929 VI
500 2883 525 2943 4,
537 2881 569 2929 19
586 2877 625 2929 ‘et
639 2876 714 2944 quod
729 2874 813 2931 dixit:
828 2892 878 2929 nec
892 2875 1002 2929 lucidus
1017 2877 1137 2931 aethra

127 2946 246 3000 Siderea
259 2946 348 3015 polus,
362 2945 468 2999 Ennius
482 2946 558 3016 prior
572 2946 698 3002 dixerat.
711 2991 715 3001 .
728 2991 733 3000 .
746 2991 751 3002 .
762 2949 791 3000 et
802 2947 889 3001 Iulius
899 2947 1071 3001 Teuthrante
1082 2991 1087 3002 .
1100 2992 1105 3002 .
1117 2949 1134 3002 .’

49 3063 52 3068 .
124 3016 247 3088 (Iulius
266 3017 328 3072 edd.
343 3016 441 3070 illius
457 3017 558 3072 Salisb.
572 3017 656 3071 ilius
671 3017 757 3072 ceteri
771 3017 837 3071 libri
872 3021 1049 3072 teutrante
1063 3019 1137 3088 Par.)

198 3123 256 3178 late
276 3124 425 3178 Scriveriua
445 3123 502 3177 alte
521 3145 542 3178 ω
596 3141 646 3194 per
661 3125 776 3178 aethera
790 3125 847 3179 alte
862 3125 1024 3180 Scriverius:
1043 3127 1138 3181 saltem

123 3195 272 3250 aetherem
291 3195 441 3264 saepsisset

539 3273 723 3333 TuOMusA

194 3392 316 3457 Marius
330 3391 517 3458 Victorinus
538 3391 731 3457 0111118
751 3393 790 3457 K.
814 3391 919 3457 ‘iuxta
942 3396 1050 3458 autem
1072 3418 1139 3460 non

123 3500 290 3586 ponebant
307 3521 377 3564 cm:
396 3499 469 3564 inde
487 3521 545 3564 nec
563 3497 751 3564 Alcmenam
771 3499 918 3564 dicebant
935 3521 994 3565 nec
1010 3499 1139 3568 Tecmo
