2630 3886
194 141 259 204 316
303 100 305 105 ’
366 139 416 193 ox
434 137 601 194 munaus
619 100 861 193 monaroavu
877 136 1031 192 slavus

642 305 761 366 CXLIV
819 333 821 338 ·

192 407 280 473 Deos
302 412 448 494 penates,
472 408 532 493 qui
551 411 702 492 parentas
724 407 848 472 Thestii

265 529 371 584 Marius
385 528 547 584 Victorinus
559 527 634 583 CGL.
645 529 684 583 VI
695 534 746 582 135
755 528 788 583 Κ.
810 527 934 598 ‘tragico
950 529 1045 582 autem
1059 526 1084 581 si
1098 543 1208 595 sesqui-

192 600 294 670 pedem
324 599 520 672 praeposueris
553 599 690 670 ambiam,
724 599 778 653 erit
810 602 843 653 ut
874 598 995 652 diximus
1024 599 1207 653 tetramelrus

193 671 388 742 catalecticus,
413 675 457 728 ut:
482 671 578 726 deos’
599 687 622 724 e.
642 689 667 739 q.
688 689 709 725 s.
735 670 889 739 ‘trimeter,
914 672 1076 724 tetrameter
1096 672 1206 726 antem:

193 743 342 797 ambiam
362 745 457 798 deos’
479 759 502 799 e.
521 760 548 812 q.
568 761 589 796 s.

263 849 351 904 thesti
374 851 436 906 Pal.
456 850 536 918 Pon,
561 867 621 903 aare
644 849 695 903 litt.
718 850 826 904 ataid.
850 855 944 903 antea
968 850 1001 903 io
1019 848 1080 903 Pol.
1099 849 1150 903 del.

193 920 274 974 Terei
292 924 331 976 ed.
347 938 393 990 pr.
508 985 510 990 ¹

650 1033 754 1093 CXLV

193 1134 281 1200 Dum
303 1127 458 1220 taeniam,
482 1136 538 1220 qui
560 1136 677 1200 uolnus
699 1135 851 1220 uinciret,
874 1136 967 1222 petit¹

265 1257 364 1311 Festus
387 1275 413 1327 p.
433 1262 486 1310 360
505 1255 542 1312 Μ.
582 1255 734 1310 ‘taenias
762 1255 898 1310 Graecam
925 1273 1023 1310 uocem
1051 1255 1091 1310 sic
1119 1256 1206 1310 inter-

193 1330 322 1398 pretatur
343 1327 470 1396 Verrius,
497 1329 530 1381 ut
557 1327 635 1381 dicat
662 1330 858 1381 ornamentum
882 1343 943 1382 esse
965 1327 1080 1380 laneum
1102 1327 1205 1397 capitis

194 1399 338 1467 honorati,
370 1403 402 1454 ut
434 1399 471 1452 sit
501 1398 577 1468 apud
605 1397 794 1454 Caecilium
821 1399 856 1452 in
883 1399 1090 1468 Androgyno
1115 1431 1152 1439 -
1178 1401 1207 1452 et

195 1470 296 1526 alias:
316 1471 384 1525 dum
401 1470 543 1525 taeniam'
559 1486 582 1525 e.
598 1487 624 1538 q.
639 1487 660 1525 s.
699 1469 816 1524 ‘Ennius
835 1469 865 1522 in
879 1469 1090 1524 Alexandro-
1103 1469 1205 1524 Accius

193 1541 224 1596 in
242 1541 428 1611 Neoptolemo
447 1543 492 1582 -’
522 1539 645 1596 Caecilio
664 1540 796 1610 ascripsit
814 1540 988 1611 Spengelius.

264 1647 338 1717 petit
369 1665 418 1702 om.
447 1647 564 1704 Vrsinus
596 1649 641 1717 (cf.
670 1647 835 1703 Moraoaseoi
866 1649 898 1703 de
926 1650 1104 1718 quaternione
1132 1649 1163 1702 X
1170 1647 1211 1700 VI
1217 1717 1220 1724 ⁴

194 1720 349 1774 testiowoia
362 1737 392 1788 p.
409 1721 453 1788 ⁷2)

639 1815 758 1874 CXLVI

143 1903 193 1964 aas
667 1961 669 1966 ,
778 1900 867 1964 mlne
890 1904 922 1964 te

195 2004 321 2069 Horum
344 2006 505 2091 fortunae,
528 2006 577 2071 n1'l
600 2006 850 2073 commiserescit
873 2007 983 2070 meae?

194 2110 297 2196 Finge
319 2111 476 2176 aduenam
499 2134 580 2177 esse:
602 2112 651 2176 ml
672 2113 808 2176 fraterni
830 2113 971 2176 n6minis

196 2215 358 2282 Sollemne
381 2218 538 2283 auxilium
561 2223 594 2283 et
616 2223 735 2282 numen
757 2217 893 2283 Pietatis
915 2219 1046 2284 mouet?

268 2337 410 2392 Charisius
457 2385 462 2394 .
482 2345 535 2393 250
548 2339 578 2394 P.
618 2341 772 2409 ‘zeugma
792 2338 949 2395 ...nihil
974 2339 1149 2395 hominum
1174 2345 1207 2396 te

196 2413 401 2466 ..mouet?
423 2357 517 2480 piures
537 2411 695 2464 sententiae
713 2427 769 2464 uno
788 2411 874 2464 uerbo
893 2409 1063 2466 cluduntur.’
1091 2412 1206 2483 'lhagici

193 2483 295 2550 poetae
319 2497 414 2536 versus
438 2481 556 2552 agnovit
576 2483 613 2536 M.
633 2481 787 2551 Hauptius:
811 2481 951 2551 Thyestae
972 2482 1002 2535 in
1021 2483 1101 2536 Accii
1119 2485 1206 2538 Atreo

195 2551 283 2606 tribui
300 2551 366 2608 hist.
385 2555 457 2623 trag.
476 2558 537 2606 452.
705 2583 709 2591 ι

266 2665 328 2727 laq.
351 2658 428 2712 nilne
451 2661 480 2712 te
498 2658 605 2712 Horum
622 2661 720 2727 sorcpai
737 2657 810 2712 nihil
829 2658 974 2712 hominum
991 2661 1019 2713 te
1037 2662 1109 2727 eoa,
1134 2663 1208 2731 qaod

193 2731 311 2784 secavit
334 2729 486 2799 Haupta'us.
523 2729 564 2782 nil
587 2729 711 2783 omnium
728 2729 731 2802 l
747 2731 806 2783 tete
824 2747 844 2784 c
914 2729 987 2783 nihil
1010 2731 1156 2785 hominum
1177 2736 1207 2786 te

194 2800 302 2868 horum,
320 2799 361 2854 nil
381 2817 403 2855 c.
422 2799 496 2855 mei?
515 2801 577 2855 Bae
632 2799 707 2854 anil
726 2800 870 2870 Hauptios
887 2799 960 2854 nihil
979 2803 1035 2856 cod.
1091 2802 1207 2858 miseret

193 2871 339 2940 Haaptiuc
378 2887 476 2925 'meae
494 2873 566 2926 idem
584 2887 628 2924 me
647 2873 687 2926 cd.
703 2889 757 2940 pr,
776 2889 826 2926 om.
846 2873 903 2926 cod.
965 2871 1041 2925 snil
1060 2874 1207 2942 Hauptius

66 2963 68 2969 ⁴
192 2941 266 2996 nihil
284 2943 340 2997 cod.
395 2949 534 2996 ⁴inumeri
553 2943 698 3011 Hauptius
716 2959 817 2996 nomen
837 2945 894 2998 cod.

633 3109 768 3168 CXLVII

203 3263 209 3275 .
247 3263 253 3275 .
291 3232 448 3295 quaenam
470 3213 502 3275 te
525 3210 673 3296 adigunt,
695 3210 825 3296 hospes,

139 3315 324 3402 aocStagni
347 3316 472 3400 capacis
494 3315 599 3380 uisere
621 3315 766 3380 Auerni?

264 3435 407 3490 Charisius
417 3434 493 3488 CGL.
503 3435 517 3487 1
527 3441 578 3490 289
588 3435 620 3490 Κ.
639 3435 766 3490 ‘liberius
776 3454 888 3505 quoque
899 3438 1089 3493 confitendum
1101 3444 1207 3496 estnec

194 3504 299 3560 distare
321 3506 409 3558 melos
429 3523 446 3558 a
464 3505 589 3574 rythmo,
613 3508 688 3573 quod
708 3508 823 3575 quidam
841 3512 1020 3577 putauerunt.
1057 3527 1124 3564 nam
1144 3529 1207 3566 esse
