2590 3890
545 171 576 237 Q.
595 171 731 226 ENNIVS
1103 173 1147 236 55

203 331 300 386 Cicero
324 331 359 385 de
382 333 452 386 orat.
471 331 512 386 III
530 335 577 400 68,
592 337 645 386 art
671 331 780 385 ‘aliud’
805 334 853 401 (ao.
876 331 955 385 uooie
978 348 1066 402 genus
1090 332 1146 386 sibi

129 402 228 473 sumit)
254 401 409 456 ‘miseratio
433 419 467 456 ao
488 418 610 458 maeror:
638 401 774 472 flexibile,
797 401 924 527 plenum,
949 402 1145 473 interruptum,

131 473 220 528 flebili
248 489 330 529 uooe:
359 475 439 542 quo'
460 490 483 530 e.
503 492 529 542 q.
548 491 569 530 s.
606 473 683 528 Haeo
710 473 799 528 Graec
819 491 852 528 us
880 474 956 543 apud
985 473 1146 530 Ciceronem

131 545 164 599 da
190 547 262 600 orat.
282 545 321 598 HI
339 549 385 613 56,
405 550 458 600 214
481 547 510 600 et
532 545 608 614 apud
632 543 839 612 Quintilianum
856 544 895 598 XI
909 550 938 614 8,
959 550 1010 600 116
1034 549 1063 599 et
1086 546 1145 616 ipae

132 615 228 670 Cicero
248 632 299 686 pro
318 615 389 670 Mur.
404 622 448 685 41,
464 620 497 670 88
516 615 622 670 imitati
642 619 714 671 sunt.
752 615 895 686 Euripidis
915 619 1105 672 1111116021

293 711 346 758 νῦν
363 713 415 759 ποῖ
431 703 591 775 malaopera
610 704 715 772 πότερα
733 705 804 774 πρὸς
821 705 927 774 πατρὸς
945 701 1061 775 δόμους,

293 775 342 840 οὓς
360 776 404 832 ool
422 778 569 844 προδοῦσα
586 776 634 832 καὶ
653 775 766 844 πάτραν
784 774 940 847 &perditam

292 844 310 916 ἢ
329 847 399 916 πρὸς
417 844 552 910 ταλαίνας
569 848 723 914 Πελιάδαςς
771 867 773 872 ’

616 1033 658 1091 XI

603 1131 676 1200 Iaso

128 1239 181 1304 To
208 1263 259 1306 me
288 1241 406 1306 amoris
433 1241 538 1327 magis
561 1263 657 1326 quam
680 1240 813 1306 honoris
835 1241 1006 1307 sdruauisti
1029 1243 1143 1328 gratia.

202 1381 299 1436 Cicero
318 1380 398 1435 Tuae.
419 1379 490 1453 disp.
505 1380 544 1434 IV
558 1386 600 1450 32,
616 1387 649 1435 69
671 1379 751 1448 ‘quid
770 1380 812 1435 ait
831 1381 1030 1452 extragoedia
1048 1382 1142 1452 prin-

128 1468 208 1521 cepe
227 1451 290 1506 ille
309 1452 603 1522 Argonautarum?
629 1451 743 1533 'Iu-me
763 1451 903 1506 amoria’
924 1468 947 1506 e.
963 1471 989 1522 q.
1005 1473 1025 1508 o.
1056 1453 1142 1520 ‘Quid

127 1531 215 1594 ergo?
233 1523 280 1577 hie
298 1539 377 1576 amor
390 1522 507 1577 Medeae
526 1525 633 1604 quanta
651 1522 983 1604 miseriarumtexoitauit
996 1524 1140 1580 incendia!

127 1594 281 1735 1111111
296 1593 1141 1738 66166.6116111611.16616616

582 1745 619 1808 ὡς
631 1743 721 1815 Ἔρως
739 1743 766 1799 o'
785 1743 842 1814 ἠνά
860 1763 927 1800 naor

290 1813 381 1882 τόξοις
400 1816 538 1885 ἀφύκτοις
555 1817 660 1887 τούμὸν
678 1812 796 1870 ἐκσῶσαι
815 1765 909 1886 ὃῖμας.

201 1939 355 1994 seruauisti
375 1940 564 1997 Cratandrina
583 1939 703 1995 seruasti
723 1961 744 1993 ω

605 2128 664 2186 XII

126 2225 198 2312 Sol,
223 2227 285 2312 qur'
305 2228 492 2294 candentem
515 2229 660 2294 11161610
684 2228 837 2293 subilmat
859 2229 962 2294 facem

198 2366 270 2420 Non.
292 2373 405 2435 170,10
428 2367 643 2436 ‘sublimare
667 2367 808 2423 extollere.
846 2367 952 2421 Ennius
972 2368 1137 2424 Medea...'

124 2436 166 2492 tf.
186 2437 331 2508 Euripidis
350 2457 375 2492 v.
392 2445 456 2495 764:
476 2434 498 2494 ὦ
519 2443 572 2494 Ζεῦ
592 2443 664 2510 Δίκη
684 2459 714 2494 τε
735 2439 824 2510 Ζηνὸς
839 2435 934 2492 Ἡλίου
952 2457 981 2492 τε
1001 2449 1068 2508 φῶς,
1167 2469 1169 2473 ·

198 2561 335 2688 sultolssmate
351 2563 492 2633 Oolwmaa
510 2565 626 2632 sonasse
644 2571 722 2631 reate,
741 2565 787 2619 ord
804 2553 942 2617 addidisse
957 2569 1046 2630 potest
1055 2571 1138 2634 poeta

124 2649 146 2688 ο.
166 2650 195 2688 ο.-
208 2651 233 2686 ¹1
279 2649 308 2687 es
322 2651 346 2687 rs

596 2750 670 2808 XIII

575 2850 686 2915 Medea

124 3007 159 3022 ..
180 3009 187 3020 .
205 2957 341 3042 saluete,
364 2958 487 3042 6ptima
509 2960 656 3042 corpora!
921 2968 922 2972 ’
1138 2971 1190 3020 235

127 3061 218 3128 cette
241 3083 356 3128 manus
378 3064 502 3144 uestras
525 3085 675 3148 measque
697 3063 845 3147 aecipite!

195 3202 269 3256 Non.
289 3206 366 3270 85,1
393 3203 499 3257 ‘cette
523 3202 664 3273 significat
683 3201 768 3256 dieite
787 3201 834 3256 uel
853 3203 919 3256 date
938 3201 975 3256 ab
994 3219 1040 3273 eo,
1059 3204 1136 3272 quod

125 3273 194 3327 eodo
267 3272 373 3326 Ennius
392 3272 423 3328 111
441 3274 541 3329 Medea
557 3275 610 3329 ...’
648 3273 796 3342 Euripides
816 3291 841 3328 v.
858 3278 939 3328 1069:

674 3351 746 3421 δότ’,
765 3348 786 3409 ὦ
804 3349 903 3420 τέκνα,

338 3421 399 3480 δότ’
420 3427 604 3481 ἀσπάσασθαι
623 3426 704 3495 μητρὶ
723 3425 820 3491 δεξιὰν
838 3421 914 3495 χέρα.

197 3556 211 3603 1
231 3549 339 3620 optima
356 3549 476 3620 pignora
495 3551 533 3606 H.
553 3551 708 3619 Stephanae
727 3565 743 3602 o
761 3548 810 3617 pia
828 3547 947 3616 pignora
965 3565 986 3604 α
