2624 3888
571 172 601 226 a.
621 131 747 226 locive
1100 170 1163 234 163

224 333 297 387 Non.
318 337 378 401 178,
393 338 426 386 12
447 331 625 386 ‘tetinerit
641 349 692 401 pro
711 329 834 385 tenuerit
848 374 853 385 .
866 374 871 385 .
883 331 901 385 .'

227 437 242 484 2
261 429 398 484 uictorem
415 447 462 484 me.
484 429 580 498 Fabri,
598 431 712 496 fortasse
730 436 798 484 reete
816 427 948 482 ulltorem
961 429 988 481 L
1041 430 1074 482 ut
1092 430 1165 496 quae

148 505 214 555 tum
232 501 344 555 absenti
362 500 393 554 in
410 500 494 554 rebus
513 500 539 554 d.
559 499 673 570 coniugi
688 503 692 570 Ι
709 499 849 568 tetinerit‚
872 499 898 553 ei
920 516 994 553 nune
1016 518 1043 568 p.
1063 499 1162 554 victori

149 573 256 628 fidem?
277 573 388 641 Opima,
407 574 459 626 alii
477 573 535 626 alia
637 651 680 708 IX

150 793 287 809 .....
310 745 397 808 seraa
419 744 589 828 potiuntiir
611 744 731 829 plagas.
1165 763 1200 811 40

226 855 354 954 Donptus
377 856 407 908 in
425 855 536 910 Terent.
555 854 674 923 Adelph.
690 855 715 908 V
730 861 759 923 4,
775 861 808 908 17
834 854 983 924 ‘potitur
1002 853 1164 908 aecusatiuo

154 943 226 981 casu
241 972 246 982 .
263 971 269 982 .
286 972 291 982 .

230 1040 305 1078 serae
324 1026 363 1080 ed.
384 1025 484 1079 Veneta
504 1023 574 1077 siras
589 1025 644 1078 eod.
660 1023 726 1094 1209.
745 1023 819 1078 feras
834 1025 873 1079 ert.
886 1041 929 1094 pr.
950 1039 1049 1077 saeuas
1063 1025 1165 1078 conieci

152 1111 269 1150 serenas
288 1097 329 1150 vel
348 1093 491 1149 astriferas
508 1097 550 1150 oet
569 1111 683 1163 superae
701 1096 780 1150 malit
797 1097 859 1150 Boe

646 1227 673 1285 X

150 1329 293 1394 Matrem
326 1327 367 1393 ob
397 1329 466 1392 iure
496 1329 617 1392 frictum
645 1327 770 1412 ineilaS,
802 1328 981 1414 genitorem
1009 1329 1164 1392 iniustum

794 1433 960 1519 adprobas.

226 1547 297 1602 Non.
315 1552 405 1616 125‚2
426 1546 588 1602 ‘ineilare
607 1549 650 1600 eet
668 1546 812 1616 inerepare
826 1547 873 1602 uel
886 1546 1043 1616 inprobare,
1063 1545 1164 1600 Accius

150 1618 341 1688 Meleagro..
359 1663 364 1672 .
379 1617 455 1672 idem
474 1618 723 1688 Clytemestra.
741 1662 745 1672 .
764 1619 781 1673 .'

226 1719 345 1770 matrem
364 1716 400 1769 ob
417 1717 530 1771 Grotius
548 1718 638 1770 matre
655 1732 718 1769 meo
738 1737 758 1769 ω
777 1718 896 1770 matrem
914 1732 958 1769 me
978 1714 1014 1769 ob
1030 1715 1166 1786 Berytius

227 1812 277 1866 Hie
303 1813 429 1882 reliquiis
455 1813 572 1883 adiungi
594 1816 714 1884 possunt
736 1813 789 1867 ine.
813 1813 869 1867 fab.
893 1812 927 1868 fr.
944 1813 966 1868 Ι.
985 1813 1012 1867 ΙΙ
1033 1812 1086 1867 ino.
1110 1812 1164 1868 ino.

150 1883 212 1938 fab.
232 1884 340 1939 vall.

483 1963 839 2024 AGAlOEMNONIDAE
894 1963 896 1968 ’

153 2214 161 2227 .
188 2213 195 2226 .
283 2212 288 2225 .
312 2159 498 2225 inimicitias
520 2069 711 2246 Pelopidiim

150 2267 332 2332 Extinctas·
347 2268 412 2331 iam
435 2271 531 2352 atque
555 2268 759 2333 oblitteratae
776 2265 935 2332 'memoria

153 2373 326 2439 Renouare

225 2487 297 2542 Non.
318 2491 381 2555 146,
397 2493 431 2540 29
460 2487 685 2542 ‘oblitterare
711 2489 754 2541 est
777 2486 987 2541 obseurefaoere
1011 2490 1040 2542 et
1063 2487 1092 2541 in
1116 2489 1164 2542 ob-

152 2557 291 2612 liuionem
311 2557 430 2612 dueere’

225 2662 239 2709 1
259 2654 425 2724 Pelopidam
441 2655 551 2710 Vossius
567 2655 766 2724 Pelopidarum
780 2677 801 2710 ω
856 2662 872 2709 2
887 2655 1026 2710 extinctas
1037 2657 1075 2726 Η,
1090 2658 1165 2712 Berr-

150 2729 229 2784 traua
252 2725 421 2796 extinctarp
493 2727 551 2780 iam
575 2730 659 2795 atque
683 2728 725 2796 Η,
744 2727 849 2782 Jrrrrr'oo
872 2729 932 2780 tam
955 2749 990 2797 φ,
1013 2730 1070 2783 rotet
1111 2731 1165 2784 uod

152 2815 241 2852 eausa
272 2799 381 2867 Vrbirr.,
413 2799 486 2853 uode
512 2815 602 2868 pausa
629 2800 731 2854 conieci
757 2800 801 2868 (of.
830 2800 920 2854 coroll.
949 2817 1013 2854 corr.
1043 2799 1063 2854 C
1115 2800 1164 2870 IV)

151 2869 232 2924 fama
250 2869 313 2923 Boe
622 2917 624 2922 .

951 3038 997 3081 sie

152 3119 266 3205 Multi,
289 3120 416 3184 animus
439 3141 576 3204 quorum
600 3121 701 3186 atroci
724 3121 852 3186 uinotu's
874 3123 998 3186 mrilitia
1021 3129 1082 3210 est,
1164 3053 1199 3102 45

155 3226 344 3312 Composita
367 3227 452 3290 diota
475 3247 492 3290 e
514 3228 644 3310 pe'otore
667 3227 822 3292 euolurint
845 3249 916 3312 sue,

152 3332 242 3411 Quae
267 3337 340 3398 oiim
363 3355 549 3418 componas,
573 3332 658 3397 diota
680 3334 774 3398 laetis
798 3333 986 3418 discrepant.

224 3445 297 3500 Non.
318 3451 378 3516 260,
393 3452 425 3499 21
447 3446 676 3515 ‘componere
696 3445 827 3500 simulare
845 3446 891 3500 uel
909 3445 1032 3516 fingere?

227 3552 240 3599 1
262 3543 303 3598 sio
321 3545 424 3599 delebat
443 3544 555 3600 Vossius

952 3633 1003 3685 11*
