2618 3900
164 145 226 208 116
546 144 582 198 M.
604 143 782 198 PACVVIVS

653 311 681 367 V

105 426 106 431 ’
161 412 232 500 Aga
255 413 359 478 adsta:
382 436 474 477 mane
498 413 585 476 audi:
609 406 767 476 iieiidum
790 412 899 476 eadem
922 413 1019 476 istae‘a
1042 413 1100 476 mi!

234 535 329 590 Cicero
345 535 431 588 Aead.
444 553 485 604 pr.
499 535 526 588 H
540 541 583 602 27,
598 540 632 589 88
653 534 755 602 ‘quid?
773 533 863 587 Iliona
882 550 977 587 somno
996 533 1046 588 illo
1060 534 1174 588 Mater

162 609 195 660 ie
224 605 361 676 appello
385 623 478 660 nonna
501 605 544 659 iia
567 605 656 660 eradii
678 605 767 658 filium
789 605 926 673 locutum,
954 607 986 658 ut
1009 608 1174 674 experrecta

163 677 249 732 eiiam
272 677 416 732 crederet?
439 677 513 730 unde
537 676 611 730 enim
633 677 696 732 illa:
722 693 782 746 age
799 675 955 730 ...mihii
973 694 1040 729 num
1057 675 1174 731 uidetur

162 748 298 802 minorem
324 748 428 802 habere
451 747 520 800 uisis
544 765 629 816 quam
651 747 804 817 uigilantes
827 747 943 802 fidem?
981 748 1058 801 Idem
1080 747 1171 817 Epist.

163 821 200 873 ad
217 820 277 874 Au.
295 818 360 872 XIV
374 825 450 886 14,1
477 819 666 872 ‘Iteradum
688 819 805 872 eadem
827 817 897 872 ista
915 818 1019 872 mihi.'
1057 819 1174 872 Eisdem

162 891 255 944 verbis
275 890 370 944 Cicero
389 889 478 944 uiiiur
497 889 584 943 eiiam
601 890 632 943 in
649 891 730 943 Tusa.
750 889 820 959 disp.
835 890 861 943 H
876 895 917 958 19,
931 897 974 943 44.

234 999 359 1052 bacchus
386 1013 481 1066 sequor
505 997 686 1065 Flauiam,
714 1003 876 1066 auupaauos
899 1003 962 1066 post
988 997 1052 1051 diu.
1081 999 1172 1053 bacch.

162 1076 270 1124 seruata
289 1070 419 1124 librorum
436 1070 573 1138 seriptum
591 1069 730 1123 diuutitur
748 1069 810 1122 Rue
864 1066 930 1120 audi
944 1083 994 1122 ou.
1010 1068 1124 1122 Viudob.

162 1139 323 1193 iierandum
349 1141 424 1208 epist.
448 1139 524 1194 Med.
552 1147 578 1193 et
603 1140 680 1194 Tuae.
707 1139 779 1194 auu.
802 1139 869 1209 Ray.
893 1139 983 1193 Baua.
1064 1141 1173 1208 mania,

164 1210 244 1278 audi,
268 1209 428 1263 iterandum
445 1228 466 1264 u
537 1211 636 1264 eadem
658 1209 747 1264 istaec
770 1210 920 1264 Manutius
945 1209 1044 1262 eadem
1071 1209 1127 1264 isia
1151 1231 1173 1264 ω

163 1283 238 1350 epau.
258 1289 283 1335 et
305 1281 382 1336 Tusa.
402 1281 500 1334 eadam
519 1283 548 1334 ei
566 1280 622 1334 isia
641 1281 727 1336 Acuti.
748 1301 769 1333 ω

642 1413 687 1471 VI

164 1514 227 1601 Ea,
249 1519 286 1578 at
309 1519 496 1601 stagnorum
520 1515 665 1578 ιιιιιόιθιιι
688 1515 851 1600 rimaran,
875 1515 945 1579 loca

235 1636 306 1690 Non.
326 1641 421 1704 382‚8
447 1636 578 1690 ‘rimari
597 1636 700 1690 dicitur
718 1635 844 1702 scrutari,
865 1651 998 1702 quaerere
1014 1680 1019 1689 .
1036 1680 1041 1689 .
1059 1680 1063 1689 .
1083 1635 1175 1690 Pacu-

164 1706 228 1760 uius
242 1707 379 1760 Atalanta
393 1750 399 1761 .
411 1751 416 1760 .
429 1751 434 1760 .
448 1707 595 1761 Pacuius
609 1707 719 1761 Ilione
736 1707 787 1762 ...’
804 1706 954 1776 (aocuius
966 1705 1043 1760 Laid.
1059 1706 1174 1761 actius

166 1778 243 1832 Harl.
263 1777 378 1832 aecius
397 1777 456 1832 rell.
476 1778 646 1832 Pacuuius
664 1777 794 1847 Rothius)

236 1901 270 1938 ea
287 1886 320 1937 ui
337 1885 399 1938 Bu
418 1887 468 1938 aui
487 1905 507 1937 ω
526 1887 569 1954 (ui
588 1887 760 1954 eouieceruu)
815 1883 993 1938 humidorum
1010 1879 1121 1939 Vossius

164 1954 227 2010 loca
245 1957 302 2010 scil.
321 1955 386 2025 uisi]
405 1954 466 2008 loco
486 1955 586 2010 BGH
638 1956 747 2022 Ooufui
766 1957 836 2010 Euu.
857 1955 923 2010 Heu.
944 1960 996 2008 780
1014 1956 1077 2010 Rue

637 2087 696 2144 VH

166 2187 253 2265 Quos
277 2188 336 2272 e'go
360 2187 406 2250 iia
427 2190 465 2250 ui
487 2187 578 2251 uolui
601 2187 727 2252 offindo
751 2187 945 2252 incolumis.
967 2239 998 2251 ..

236 2309 308 2362 Non.
328 2313 419 2376 359,2
440 2307 646 2377 ‘offendere,
665 2307 810 2362 inuenire.¹

237 2393 416 2469 incolumitai
435 2415 535 2470 BGH

634 2494 709 2552 VIH

113 2595 324 2661 aoaProfaoto
348 2599 405 2659 aui
427 2595 508 2658 inibi
531 2598 579 2660 est
602 2599 658 2658 ait
680 2595 744 2658 iam
767 2595 938 2679 poiiuniiir
959 2593 1137 2681 Phrugum.

238 2709 309 2762 Non.
330 2713 390 2776 124,
405 2711 437 2760 25
460 2707 564 2760 ‘inibi
581 2724 632 2775 pro
652 2706 691 2760 sic
710 2709 739 2760 ei
757 2724 822 2760 mox
838 2708 889 2760 ...’

239 2809 289 2859 aui
306 2804 364 2858 iam
382 2805 421 2872 H,
440 2805 554 2874 Lipsius
572 2803 706 2858 iamiam
724 2825 746 2873 φ
800 2805 871 2857 haut
888 2803 959 2858 inibi
973 2807 1028 2860 esi:
1048 2805 1106 2859 iam
1119 2805 1181 2860 iam

168 2879 333 2972 couieceruu
350 2877 440 2930 caroli.
459 2875 546 2928 XLIV
649 2953 692 3012 IX

168 3056 211 3120 Di
234 3076 285 3120 me
309 3056 369 3119 usi
391 3055 544 3140 perdunt,
566 3055 674 3119 tamen
697 3075 764 3118 essa
788 3054 930 3118 adiutam
953 3056 1122 3142 ixpatuni,

169 3161 274 3238 Quom
301 3159 391 3244 prius
418 3182 514 3245 quam
539 3161 661 3224 intereo
684 3159 824 3244 spatium
848 3161 1025 3226 ulciscendi
1046 3162 1179 3230 danunt.

239 3273 311 3327 Non.
332 3279 423 3342 97,14
443 3255 601 3340 ‘danunu
621 3271 709 3326 dani’
745 3271 822 3326 Idem
839 3291 866 3341 p.
883 3278 973 3341 104‚5
994 3275 1180 3344 ‘expetunt

168 3361 218 3414 pro
237 3343 356 3398 uolunt)

242 3447 256 3493 1
275 3443 377 3509 petunt
395 3463 415 3494 ω
434 3447 513 3510 1).θῖ
533 3449 643 3511 praeter
662 3443 755 3498 Vrbiu.
828 3448 926 3495 icum
946 3441 1023 3512 prius
1043 3464 1064 3497 ω
1079 3463 1110 3514 p.
1127 3451 1179 3501 104

170 3511 246 3580 quod
264 3511 340 3579 prius
355 3518 433 3580 1297
