2618 3900
524 193 555 260 Q·
574 193 710 248 ENNIVS
1083 194 1125 259 75

584 361 655 422 XVI

107 514 281 528 .......
306 467 338 527 et
361 462 434 548 quis
456 435 549 528 illaec
572 468 621 528 est
644 485 725 548 quae
748 463 879 551 lugubri
1124 481 1177 531 345

16 599 18 612 =
105 569 283 636 Srioeinota
305 573 354 634 est
376 570 481 634 stola?

182 682 362 751 Non.198‚1
386 682 474 736 ‘auis
493 684 523 736 et
540 681 637 752 generi
654 682 790 738 feminino
809 683 927 738 attribui
945 699 1026 754 posse
1045 686 1123 738 uete-

105 771 173 807 rum
193 753 348 807 auotoritae
366 753 459 807 uoluit
474 753 527 808 ...’

182 853 262 905 Inter
287 852 381 918 varia,
409 867 478 921 qaue
505 853 633 920 temptari
655 859 783 922 parerat,
808 854 967 922 praeplacet
989 855 1032 907 set
1060 853 1123 922 quie

106 921 195 977 illaec
214 925 258 976 est
277 921 431 994 (mulier),
453 937 525 990 quae
545 921 619 976 stola
638 921 780 977 succincta
799 926 843 978 est
860 923 992 994 lugubri?

573 1054 659 1113 XVII

105 1156 136 1221 Ο
161 1157 249 1220 te‘rra
271 1155 404 1242 Treoua,
426 1155 483 1219 ubi
506 1154 617 1220 Liberi
639 1156 751 1220 fanum
773 1155 932 1222 inclutum

105 1263 202 1328 Maro
225 1262 361 1327 locauit!

182 1375 271 1428 Varro
291 1375 326 1428 de
344 1374 362 1428 1.
378 1374 396 1429 l.
411 1375 437 1429 V
453 1379 487 1428 14
500 1375 537 1430 M.
564 1374 675 1429 ‘loeus
694 1377 746 1442 aet,
764 1373 814 1427 ubi
832 1374 957 1429 locatum
975 1375 1043 1444 quid
1062 1392 1122 1430 esee

106 1449 218 1516 potest,
242 1447 274 1498 ut
296 1462 370 1499 nune
394 1445 493 1500 dicunt
515 1446 705 1516 conlocatum,
728 1447 837 1500 ueteres
861 1445 891 1499 id
912 1446 1004 1501 dicere
1024 1447 1121 1502 solitos

107 1519 230 1587 apparet
250 1561 255 1570 .
273 1560 301 1572 ..
322 1517 397 1586 apud
423 1516 557 1572 Ennium:
586 1534 602 1571 ο
630 1517 721 1571 terra’
751 1533 774 1570 e.
798 1533 824 1584 q.
849 1534 870 1572 e.
912 1516 963 1571 His
991 1517 1122 1587 Eumolpi

107 1587 236 1658 patriam
253 1587 284 1641 in
301 1586 458 1643 Erechtheo
477 1587 596 1642 salutari
613 1587 740 1657 potuisse
759 1585 873 1642 conieci.

184 1691 247 1755 leq.
276 1684 414 1738 inclutum
436 1685 516 1740 Maro
541 1687 573 1739 io
594 1686 717 1756 marpine
739 1685 902 1754 coemptore'e
924 1685 1123 1754 Spaeaemtaa

107 1759 140 1812 to
154 1758 316 1813 aeliotaeea
329 1757 419 1828 Rapio
431 1757 606 1811 Berola'oeoei
619 1757 756 1810 aereaere.
780 1755 811 1808 in
829 1755 934 1808 ciuium
947 1772 1025 1810 maro
1041 1757 1121 1812 Goth.

108 1829 209 1884 Haua.
228 1826 259 1880 in
278 1827 383 1880 ciuium
396 1843 480 1881 maero
496 1829 563 1897 (eia),
581 1843 649 1882 oorr.
664 1843 752 1895 mura,
772 1827 847 1881 Med.
862 1834 924 1882 teate
938 1827 1121 1883 thmaemoe'o

106 1900 138 1953 in
164 1898 272 1952 ciuium
294 1915 373 1952 muro
397 1899 463 1954 Por.
487 1897 679 1966 reindutum,
707 1915 756 1952 om.
783 1914 874 1966 muro,
905 1897 1068 1954 Gulielmius

107 1977 124 2025 2
144 1969 241 2024 locaui
259 1990 281 2023 ω

564 2047 667 2106 XVIH

106 2149 326 2236 Areopagitae
350 2148 426 2233 quia
449 2148 561 2214 dedere
584 2149 719 2234 aequam
742 2149 842 2234 pilam

181 2263 272 2316 Varro
287 2261 321 2316 de
336 2261 354 2315 l.
368 2260 387 2316 l.
397 2261 450 2315 VH
461 2267 494 2314 19
514 2260 631 2314 ‘Ennii
648 2305 688 2316 ...
704 2261 893 2332 Areopagitae
908 2261 944 2315 ab
958 2261 1119 2332 Areopago:

106 2354 144 2460 1esu
145 2331 390 2459 goisssiienis',
417 2333 460 2385 Ex
477 2331 680 2386 Eumenidibus
701 2335 813 2402 sumpta
832 2335 905 2400 sunt,
925 2332 1120 2403 coniungenda

181 2501 249 2571 quia
266 2502 364 2571 arripui
380 2499 450 2570 quid
464 2500 542 2556 Flor.
561 2500 637 2568 quod
651 2501 748 2555 Hatra.
768 2500 817 2569 qui
832 2501 945 2556 Vindob.
1001 2517 1120 2568 aequam

106 2575 199 2645 pilam
217 2574 327 2642 scripsi:
346 2573 380 2640 of.
400 2572 515 2626 Aeeomi
532 2589 637 2642 arpuou.
657 2573 758 2626 Milon.
774 2589 804 2641 p.
824 2577 866 2638 34,
882 2577 916 2624 24
929 2570 962 2625 Κ.
983 2571 1065 2641 Prop.
1081 2572 1120 2625 IV

108 2654 151 2715 11,
168 2651 203 2698 20
222 2661 308 2712 quum
325 2643 431 2713 pudam
448 2664 470 2697 ω
489 2658 609 2710 aequam
626 2659 752 2712 pugnam
773 2643 802 2697 0.
822 2643 974 2696 Muellerus

580 2775 650 2834 XIX

558 2875 676 2961 Apollo

107 2985 204 3051 Vnde
227 2984 290 3048 sibi
312 2983 425 3068 populi
449 2987 482 3048 et
503 2984 595 3069 reges
618 2982 787 3048 eonsilium
811 2983 978 3068 expetunt,
1120 2999 1173 3048 350

108 3092 316 3158 Summarum
340 3112 447 3154 rerum
470 3090 597 3175 incerti,
621 3111 701 3174 quos
724 3111 783 3175 ego
807 3091 867 3174 ope
890 3111 961 3154 mea
983 3111 1022 3154 ex

106 3199 246 3264 Inoe‘rtis
269 3200 373 3262 certos
396 3197 623 3280 compotesque
647 3196 761 3260 consili

107 3305 266 3390 Dimitto,
288 3307 387 3368 utne
411 3324 461 3367 res
484 3304 603 3367 temere
626 3305 765 3366 tractent
788 3302 940 3366 turbidae.

180 3425 277 3482 Cicero
292 3423 327 3479 de
343 3425 412 3478 orat.
428 3424 497 3492 145,
514 3429 564 3478 199
585 3423 670 3491 ‘quid
688 3425 733 3477 eet
747 3422 821 3476 enim
834 3421 1014 3492 praeclarius,
1034 3440 1120 3491 quam

106 3497 264 3552 honoribus
288 3498 317 3550 et
339 3495 380 3550 rei
400 3494 531 3564 publicae
549 3493 711 3548 muneribus
729 3494 906 3563 perfimotum
925 3509 1019 3548 senem
1036 3511 1119 3562 posse

109 3586 161 3623 ouo
180 3568 241 3622 iure
261 3567 354 3621 dicere
373 3566 461 3634 idem,
486 3565 575 3633 quod
593 3565 684 3634 apud
700 3563 844 3617 Ennium
862 3564 958 3618 dicat
975 3563 1037 3617 ille
1056 3565 1118 3632 Py-
