2630 3886
177 157 243 221 290
351 155 399 208 EX
416 155 581 210 INCERTIS
599 153 839 209 INCERTORVM
857 153 1012 208 FABVLIS

176 314 285 384 Nolite,
313 314 419 384 inquit,
447 314 588 385 hospites'
615 331 638 368 e.
658 333 683 382 q.
704 333 724 368 s.
763 313 844 384 [Eun.
873 313 942 382 Thy.
965 312 1041 384 VIII]
1072 313 1119 366 ‘tu
1149 315 1194 380 te,
1299 327 1300 378 q

177 387 339 456 Thyesta,
373 387 520 440 damnabis
553 385 722 453 orbabisque
753 385 815 438 luce
847 387 961 454 propter
987 383 1046 436 uim
1073 383 1194 437 sceleris
1299 385 1300 410 ¹

178 457 310 513 alienit'.
331 457 467 511 Numeros
487 456 635 511 constituit
652 455 805 525 Bentleius‚
825 472 908 524 quem
925 458 1021 508 tamen
1039 455 1196 522 sequentia
1299 443 1300 516 i

178 529 264 583 etiam
291 528 383 583 Iouis
411 528 478 582 iste
505 528 641 596 quidem
667 543 836 597 pronepos
864 525 955 580 minus
982 527 1057 579 recte
1083 529 1196 594 poetae

177 600 287 654 dedisse
306 599 448 654 intellexit
464 603 530 670 post
542 598 688 654 Davisium
697 599 824 653 Wolfius.
853 597 970 667 Sumpta
987 596 1106 650 fortasse
1121 601 1197 651 sunt
1299 603 1300 642 I

177 688 211 726 ex
229 671 314 725 Ennii
332 671 464 740 Thyesta.

248 784 361 832 lsooro
383 777 511 832 Klotaias
532 793 627 831 socero
651 798 672 830 ω
696 793 776 830 socru
797 777 940 830 Beothius
1011 777 1143 844 2raptus
1165 783 1196 830 ct
1299 739 1300 792 Ξ

176 867 262 919 aspra
284 851 333 905 iio.
356 848 446 918 ruptis
469 850 555 903 Rebd.
578 849 675 918 raptus
699 849 772 904 Pith.
799 849 884 902 Oxou.
903 863 977 900 umus
998 848 1081 915 raptu
1100 847 1194 901 Βενι-
1299 865 1300 868 ’

177 924 245 977 uros
297 922 431 974 nanctust
452 921 601 990 Trepderus
619 922 738 972 nanctus
759 919 831 973 Garri.
851 919 917 988 Rep.
936 919 1036 970 nactus
1055 920 1098 970 est
1111 918 1195 972 Pith.

176 995 276 1046 nactus
295 992 420 1046 Broaezz.
440 1007 501 1045 cuca
519 993 613 1046 ceteris
631 993 709 1046 libris
726 991 847 1044 nactu'st
864 990 1007 1044 Beuttcius

631 1141 731 1198 LVIH

123 1240 238 1314 110‘0b
257 1241 376 1306 scelera
394 1241 556 1326 animique
574 1241 788 1325 inpotentiam
806 1242 839 1305 et
857 1238 1191 1324 superbiloquentiam
1299 1227 1300 1276 1

249 1363 344 1418 Cicero
364 1363 444 1418 Tuae.
465 1362 536 1432 disp.
552 1361 592 1416 IV
606 1368 647 1430 16,
663 1367 697 1416 35
718 1363 814 1430 ‘quam
832 1361 891 1414 uim
908 1359 977 1414 mali
996 1359 1019 1413 si
1061 1359 1193 1413 'ficantes

175 1437 277 1505 poetae
300 1433 499 1504 impendere
519 1433 609 1502 apud
626 1433 757 1488 inferos
778 1450 893 1487 saxum
911 1431 1021 1484 Tanta
1042 1447 1058 1484 o
1077 1429 1193 1484 faciunt

177 1505 218 1560 ob
238 1505 385 1560 scelera'
407 1521 429 1558 e.
445 1523 471 1573 q.
487 1523 507 1559 s.
536 1504 645 1558 Nonius
658 1523 685 1574 p.
702 1511 766 1574 175,
782 1510 815 1558 30
836 1500 1190 1572 ‘superbiloquentia

177 1577 274 1632 Cicero
293 1575 516 1630 Tusculanarum
533 1575 582 1628 lib.
597 1575 660 1630 IIII:
681 1575 833 1644 animique’
853 1591 876 1630 e.
896 1592 922 1642 q.
941 1591 962 1628 s.
1038 1605 1041 1609 ·

643 1725 712 1782 LIX

177 1823 289 1891 Mento
308 1847 471 1891 summam
494 1847 621 1890 amnem
643 1825 818 1912 attingens,
841 1827 969 1890 enectus
992 1823 1046 1888 siti

249 1947 344 2002 Cicero
359 1947 440 2000 Tusc.
456 1946 526 2016 disp.
541 1947 593 2011 15,
609 1952 642 2000 10
663 1946 727 2015 ‘dic‚
747 1962 859 2015 quaeso,
878 1964 946 1998 num
962 1947 991 1998 te
1004 1944 1056 1998 iIIa
1070 1947 1190 2014 terrent,

177 2018 280 2087 triceps
300 2019 376 2086 apud
394 2017 498 2072 inferos
513 2017 657 2084 Cerberus,
676 2017 773 2086 Cocyti
789 2017 924 2085 fremitus,
943 2015 1081 2070 trauectio
1095 2017 1190 2070 Ache·
1299 2029 1300 2086 ᾗ

176 2089 274 2157 rontis,
293 2091 405 2142 mento
478 2087 540 2142 siti
554 2088 757 2144 Tantalus?'
786 2088 858 2144 Non.
872 2094 934 2156 401,
944 2093 978 2141 26
995 2089 1187 2156 ‘summum‚
1299 2089 1300 2110 ³

176 2159 342 2230 proximum.
381 2158 476 2213 Cicero
500 2157 722 2214 Tusculanarum
744 2159 792 2212 lib.
812 2159 837 2214 I:
866 2175 1082 2213 summam...
1098 2158 1188 2212 Tan-

176 2231 291 2286 talus!
320 2229 480 2284 Priscianus
499 2248 525 2299 p.
541 2237 591 2284 861
606 2230 636 2284 Ρ.
667 2231 793 2284 ‘necatus
817 2247 834 2284 a
856 2229 957 2284 necaui
980 2232 1008 2284 et
1028 2231 1148 2283 nectus
1170 2247 1190 2283 a

177 2301 261 2356 necui
283 2300 360 2355 facit.
398 2300 532 2354 Horatius
604 2304 717 2354 enectus
736 2301 850 2355 arando.
887 2300 1040 2356 Liuius...
1056 2300 1193 2368 squalore
1299 2311 1300 2342 ἒ

179 2371 278 2428 enecti.
312 2371 406 2426 Cicero
425 2371 646 2426 Tusculanarum
659 2371 684 2427 I:
704 2374 844 2426 enectus
864 2371 923 2425 siti
943 2371 1130 2426 Tantalus?

248 2495 359 2534 amnem
377 2479 440 2534 Bac
463 2495 565 2546 aquam
583 2499 604 2532 ω
625 2479 729 2546 aqiiam
747 2479 943 2534 Locbmuaous
962 2495 1064 2546 aquam
1081 2477 1191 2532 nitenti

177 2551 349 2607 Rttscbelias.
403 2567 451 2620 epo
467 2551 598 2604 ..mento
622 2551 760 2604 summum
782 2549 897 2603 laticem
915 2566 935 2603 e.
955 2567 978 2618 q.
996 2566 1017 2604 s.
1041 2551 1105 2603 olim
1119 2566 1188 2618 pro·

172 2639 318 2692 posueram
395 2620 532 2690 attingets
566 2621 656 2674 Nouii
683 2621 764 2676 G¹L¹
796 2619 932 2690 attinget
949 2619 1065 2674 136¹]st
1137 2619 1188 2674 siti
1299 2641 1300 2656 ¹

176 2696 290 2748 enectus
316 2691 488 2762 Oc'cercrcr'sx
562 2691 682 2747 Ceterum
705 2695 777 2762 quod
798 2695 875 2760 aprici
894 2691 1047 2746 Utccroaem
1064 2693 1190 2760 sequitur

174 2763 311 2818 Tantalus
330 2763 455 2817 dubitari
468 2779 546 2830 posse
563 2765 670 2818 monuit
686 2763 888 2830 Raeticarum,
906 2770 998 2817 atram
1017 2781 1035 2816 a
1053 2769 1136 2831 poeto
1154 2764 1189 2816 irs
1299 2767 1300 2812 I

173 2836 307 2958 seqapptis
324 2850 417 2888 versus
435 2835 573 2958 ίηῶιὲοέξπ
589 2835 624 2888 ab
637 2835 697 2959 Ipso
712 2834 839 2959 (ξοενῖνῖε
853 2836 978 2888 adddwm
991 2835 1034 2889 sit.
1088 2836 1189 2887 mento

175 2923 195 2960 s.
219 2922 236 2959 a
263 2920 362 2974 rugens
382 2921 486 2972 aquam
505 2921 554 2957 srr
572 2919 658 2958 eneca
672 2923 704 2958 us
747 2921 784 2960 an
799 2922 860 2959 aus
879 2922 899 2959 a

650 3055 703 3114 LX

615 3155 733 3220 Atreus

173 3261 312 3326 Proinde
334 3259 381 3325 ita
403 3265 518 3345 parent
540 3283 573 3326 se
596 3261 631 3325 in
652 3262 735 3347 uita,
758 3266 795 3326 ut
816 3263 904 3326 uinci
926 3263 1080 3328 nesciant.

246 3381 340 3435 Cicero
355 3381 435 3436 Tusc.
451 3381 521 3451 disp.
537 3381 563 3436 V
578 3387 619 3450 18,
635 3387 668 3435 52
689 3383 751 3436 ‘nec
769 3385 851 3452 putet
870 3383 906 3436 ad
920 3399 949 3436 se
963 3386 1188 3453 praeceptum

174 3450 264 3502 illud
283 3451 382 3506 Atrei
399 3452 551 3521 pertinere:
570 3452 730 3522 proinde'
748 3470 770 3508 e.
786 3471 811 3522 q.
828 3472 848 3508 s.
885 3453 964 3507 Accii
977 3455 1063 3508 Atreo
1082 3454 1190 3510 tribuit

173 3519 337 3574 Welckerus
