2618 3900
187 156 250 220 142
569 157 606 210 Μ.
625 156 804 211 PAGVVIVS

184 333 208 370 a.
242 315 372 370 iniecto
404 319 534 370 terrore
566 315 685 370 mortis
718 316 941 370 horrescunt!
979 315 1084 370 Voeem
1116 317 1195 372 hor-

183 389 323 441 rescunt
345 387 535 442 Pacuvianam
558 403 618 442 esse
642 390 738 441 censet
760 385 919 455 Madvieus‚
938 385 990 440 illa
1008 390 1117 444 autem:
1142 389 1194 443 in-

183 459 273 513 ieeto
297 461 428 513 terrore
450 457 583 527 mortis,
606 457 727 527 quaein
745 474 841 512 versus
860 456 981 539 speeiem
998 459 1108 540 redegi,
1129 478 1195 515 eon-

183 532 304 584 traetam
321 529 351 582 in
369 529 482 584 brevius
495 529 613 584 Pacuvii
631 529 801 584 sententiam
819 529 958 582 exhibere.
987 529 1080 584 Statur
1098 535 1195 587 autem

182 601 294 656 Vlixem
312 601 349 654 in·
360 601 507 656 Armorum
525 600 630 654 iuditio
648 601 702 654 hoe
721 600 848 671 exemplo
866 618 948 656 usum
966 606 1034 656 ess'e.

254 715 270 761 2
290 707 413 762 astutias
432 708 494 762 Pal.
514 707 631 762 astutias
650 709 807 763 dubitanter
825 707 974 762 Meduacus

665 885 707 942 IX

130 1003 182 1050 360
191 985 326 1051 Pandite
349 985 474 1070 ualuas,
496 985 680 1068 <remouete
703 1006 802 1070 seras,

181 1093 249 1178 Vt>
271 1092 476 1177 edmpleetar!

252 1214 351 1268 Festus
368 1233 396 1283 p.
417 1219 468 1266 282
482 1213 519 1266 M.
559 1211 745 1284 ‘[reserari]
766 1244 799 1252 —
814 1243 847 1253 -
864 1245 896 1253 -
912 1245 945 1254 —
964 1213 1137 1269 Pacuuius
1156 1215 1192 1270 in

183 1329 402 1340 .............
417 1283 595 1355 (pan)dite’
616 1301 639 1338 e.
659 1302 685 1352 q.
706 1301 726 1338 s.

253 1399 315 1463 leq.
334 1395 476 1447 remouete
495 1408 579 1460 seras,
597 1393 630 1444 ut
648 1375 775 1462 Scaliqer2
795 1391 877 1446 Nata
894 1399 1009 1460 apparet
1027 1393 1059 1446 ia
1077 1394 1169 1449 cadiae

669 1567 697 1626 X

104 1647 106 1652 Ι
179 1671 274 1736 Nune
296 1671 437 1756 primum
461 1673 575 1754 opacat
596 1670 677 1734 fldra
698 1669 817 1754 lanugd
840 1641 946 1756 genas,

231 1792 332 1858 ¹Pauli
354 1792 454 1846 Festus
472 1810 499 1872 p.
520 1797 553 1845 94
566 1791 603 1846 Μ.
643 1789 797 1845 ‘Pacuuius
816 1807 919 1860 genas
937 1793 1021 1860 putat
1042 1808 1112 1860 esse,
1132 1811 1191 1862 qua

178 1863 415 1932 barba-primum
443 1865 542 1931 entur,
571 1863 629 1917 -hoe
655 1878 738 1916 uersu
754 1863 806 1916 ...’
848 1862 890 1916 De
916 1861 1130 1933 Parthenopaeo
1159 1864 1191 1918 in

177 1933 315 1988 Atalanta
342 1933 449 1988 dietum
475 1932 599 1988 videtur:
629 1933 662 1987 ef.
691 1932 824 2002 Aeschyli
852 1933 926 2002 Sept.
947 1940 999 1988 534
1027 1932 1130 2006 στείχει
1158 1935 1187 1991 δ’

178 2005 270 2081 ἴουλος
288 2005 351 2074 ulnae
370 2003 418 2058 διὰ
436 2006 590 2074 παρηίδων.

247 2111 317 2165 flora
335 2111 469 2182 Scaliqer:
488 2113 523 2178 ef.
543 2111 607 2166 Aac.
628 2117 679 2165 246
698 2111 764 2166 flore
784 2132 805 2164 ω

522 2343 525 2348 .
658 2289 701 2346 ΧΙ

178 2445 184 2456 .
208 2443 214 2456 .
239 2445 245 2456 .
270 2443 276 2456 .
300 2393 386 2455 terra
409 2389 537 2454 exhalat
559 2393 669 2454 auram
692 2389 733 2464 ad
755 2411 903 2454 auroram
926 2389 1077 2454 timidam.

246 2514 335 2568 Varro
354 2513 389 2566 de
407 2511 426 2567 l.
445 2511 463 2566 l.
483 2511 509 2565 V
524 2517 557 2565 24
571 2511 608 2566 M.
648 2509 780 2564 ‘humor
802 2509 880 2579 hine,
904 2510 1001 2580 itaque
1019 2509 1084 2565 ideo
1103 2511 1190 2566 Luei-

175 2585 242 2640 lius:
261 2588 336 2638 terra
355 2582 417 2638 abit
434 2582 464 2636 in
482 2581 592 2636 nimbos
611 2581 791 2650 imbremque,
828 2581 1011 2636 Pacuuius:
1031 2585 1125 2636 terra

175 2655 358 2723 humidam,
378 2655 557 2708 humectam.²

246 2761 360 2815 exhalat
378 2761 481 2816 Laetae
500 2760 594 2814 exalat
613 2761 644 2814 F
658 2760 811 2814 exhalabat
829 2762 885 2816 eod.
900 2761 928 2814 B
983 2763 1031 2832 ad]
1051 2763 1138 2828 atque
1160 2763 1194 2816 F

228 2849 328 2886 aurora
346 2833 465 2886 Bottias
545 2831 690 2885 humidam
708 2853 729 2886 ω
802 2831 917 2886 exhalat
936 2848 1033 2886 auram
1050 2834 1127 2886 terra
1142 2833 1188 2889 ¹ab

175 2921 275 2958 aurora
293 2902 438 2956 humidam
458 2902 571 2958 Grotius

646 3027 705 3084 XII

175 3129 368 3215 Graiugena:
392 3127 429 3192 de
452 3127 534 3191 istoe
556 3127 660 3211 aperit
682 3127 752 3212 ipsa
775 3128 886 3192 orati0.

244 3249 340 3304 Oieero
359 3249 394 3304 de
412 3251 469 3303 nat.
489 3249 564 3303 deor.
583 3248 609 3302 H
622 3254 669 3316 36,
685 3254 717 3303 91
739 3248 916 3317 ‘ditaturque
933 3251 994 3302 tam
1012 3248 1109 3302 aether
1125 3248 1185 3303 La-

172 3321 231 3374 tine
254 3337 339 3389 quam
361 3319 465 3374 dieitur
483 3325 539 3388 atr,
557 3319 612 3373 etsi
629 3318 830 3390 interpretatur
847 3319 986 3374 Pacuuius
1006 3318 1113 3391 [Chrys.
1134 3323 1186 3402 89]

173 3390 253 3458 quasi
280 3407 346 3445 uero
373 3408 431 3445 non
458 3389 559 3446 Graius
586 3391 640 3444 hee
667 3391 751 3446 dieat.
787 3391 826 3446 At
852 3391 953 3446 Latine
980 3390 1112 3458 loquitur.
1154 3391 1186 3446 Si

112 3461 113 3464 ’
173 3460 286 3529 quidem
311 3478 363 3515 nos
379 3479 447 3516 non
475 3460 556 3529 quasi
579 3460 684 3516 Graece
711 3463 872 3530 loquentem
900 3461 1053 3516 audiamus.
1090 3461 1185 3518 Docet

172 3531 248 3585 idem
267 3531 323 3585 alio
341 3533 417 3588 loco:
442 3531 616 3601 Graiugena’
637 3549 659 3587 e.
680 3551 705 3600 q.
726 3551 746 3586 s.
784 3533 910 3598 Quadrat
928 3531 1070 3602 Euripidis
1088 3532 1184 3604 Iphig.
