2590 3890
535 147 566 212 Q.
586 146 722 202 ENNIVS

494 349 637 410 Manna
659 349 766 408 EXVL

622 475 638 534 Ι

568 575 691 643 Nutrix

119 685 258 748 Vtinam
281 706 322 749 ne
345 684 380 748 in
402 705 532 748 nemore
554 681 644 748 Peiio
668 682 832 748 securibus
1137 699 1189 748 205

123 789 225 856 Caesa
248 790 421 854 accedisset
444 789 582 876 abiegna
605 790 646 854 ad
667 790 787 854 terram
810 788 932 873 trabes,

119 897 215 966 Neue
239 895 314 960 inde
336 897 429 960 nauis
451 895 624 960 incohandi
648 895 815 961 exordium

121 1003 305 1088 Ooepisset,
329 1025 410 1087 quae
432 1025 518 1068 nunc
540 1004 726 1068 n6minatur
747 1003 878 1068 nomine

120 1110 229 1197 Argd,
253 1110 329 1194 quia
351 1108 469 1196 Argiui
491 1109 527 1174 in
550 1132 587 1174 ea
610 1109 727 1174 delecti
746 1111 811 1174 uiri
1122 1129 1135 1166 a

118 1217 222 1282 Veeti
242 1217 396 1301 petebant
418 1217 536 1300 pellem
558 1217 738 1281 inauratam
761 1217 870 1281 arietis
1136 1232 1188 1280 210

121 1322 268 1408 Colchis,
291 1323 427 1407 imperio
450 1322 536 1408 regis
558 1321 678 1406 Peliae,
700 1324 758 1406 per
781 1322 899 1387 dolum.

118 1429 209 1496 Nam
236 1433 413 1513 numquam
441 1451 495 1492 era
520 1450 628 1492 errans
651 1430 722 1492 mea
745 1428 840 1494 domo
864 1429 999 1494 ecferre't
1021 1429 1134 1514 pedem

121 1537 251 1620 Medea,
274 1536 382 1600 animo
406 1557 514 1621 aegra,
538 1535 645 1598 amore
669 1555 764 1600 saeuo
788 1537 903 1601 saucia.

194 1676 296 1728 Mansa
314 1674 391 1728 Exvn
414 1690 448 1728 ex
465 1673 608 1743 Euripidis
627 1673 727 1728 Medea
751 1690 894 1743 expressa:
918 1673 1013 1729 Cicero
1033 1676 1067 1729 de
1086 1675 1132 1732 fin.

119 1748 206 1816 las
226 1747 261 1800 de
280 1745 365 1800 titulo
385 1745 419 1800 of.
439 1745 534 1800 coroll.
549 1745 639 1798 XXIX

193 1817 276 1872 Rhet.
296 1817 333 1870 ad
346 1816 466 1872 Herenn.
480 1817 507 1870 11
521 1823 564 1885 22,
578 1822 613 1870 34
633 1815 694 1869 ‘hic
712 1815 742 1868 id
761 1815 837 1883 quod
856 1818 1010 1870 extremum
1026 1817 1134 1870 dictum

120 1893 166 1944 est
189 1888 259 1943 satis
282 1887 338 1942 fuit
361 1905 510 1957 exponere,
534 1904 570 1941 ne
592 1886 715 1940 Ennium
738 1890 767 1940 et
789 1889 896 1941 ceteros
918 1891 1017 1957 poetas
1041 1887 1133 1942 imite-

119 1977 196 2029 mur,
220 1959 323 2028 quibus
346 1959 400 2012 hoc
417 1959 501 2013 modo
520 1958 599 2027 loqui
618 1975 779 2012 concessum
802 1961 858 2014 cst:
883 1960 976 2031 [1-7]
995 1960 1068 2014 Nam
1086 1959 1133 2013 hic

120 2031 192 2086 satis
222 2033 284 2084 erat
311 2029 416 2098 dicere,
450 2030 474 2084 si
501 2030 532 2083 id
558 2031 656 2100 modo,
686 2029 762 2098 quod
790 2029 859 2084 satis
887 2033 974 2099 esset,
1002 2035 1133 2086 curarent

119 2106 236 2172 poetae:
255 2101 366 2155 utinam
384 2118 419 2156 ne
439 2118 486 2156 era
506 2118 600 2156 errans
618 2117 682 2154 mea
700 2102 727 2156 d.
747 2117 769 2156 e.
788 2103 827 2170 p.’
848 2101 987 2171 (additum
1005 2102 1035 2155 in
1051 2103 1131 2157 codd.

118 2173 264 2244 plerisque
281 2175 393 2242 praeter
406 2173 468 2228 Par.
483 2177 513 2227 Π
528 2191 554 2228 v.
570 2178 585 2226 9
606 2189 623 2226 a
640 2171 756 2226 librario
775 2172 858 2226 docto
873 2172 974 2227 statuit
987 2173 1078 2243 Marx)
1092 2177 1131 2242 (a)

120 2245 219 2301 Cicero
247 2245 283 2297 de
310 2243 371 2298 fato
391 2250 436 2312 15,
452 2250 485 2298 35
515 2245 565 2298 ‘ex
587 2245 640 2297 hoc
663 2260 764 2314 genere
787 2243 859 2296 illud
883 2247 927 2298 est
948 2244 1022 2298 Enni
1045 2246 1082 2316 [1.
1102 2247 1130 2316 2]

119 2315 215 2370 Licuit
232 2315 281 2370 uel
300 2314 398 2370 altius:
417 2315 527 2369 utinam
544 2331 580 2369 ne
598 2314 628 2368 in
644 2315 723 2369 Pelio
741 2317 810 2370 nata
828 2314 888 2368 ulla
905 2333 1039 2384 umquam
1057 2320 1132 2370 esset

120 2388 217 2442 arbor!
237 2385 325 2440 etiam
344 2402 440 2456 supra:
459 2385 568 2440 utinam
585 2403 621 2440 ne
640 2389 714 2440 esset
731 2403 811 2441 mons
830 2385 904 2440 ullus
923 2387 1030 2442 Pelius!
1054 2386 1131 2440 simi-

119 2459 242 2526 literque
276 2457 421 2527 superiora
447 2460 621 2526 repetentem
647 2457 758 2526 regredi
785 2456 893 2510 infinite
922 2457 996 2512 licet.
1038 2458 1130 2527 Neue

120 2530 201 2583 inde
218 2528 456 2598 ...coepisset
486 2528 623 2594 Quorsum
636 2529 707 2582 haec
720 2527 892 2598 praeterita?
920 2528 992 2593 Quia
1006 2528 1132 2596 sequitur

119 2600 195 2653 illud
226 2601 264 2671 [8.
288 2601 317 2725 93
347 2617 405 2654 non
432 2602 464 2653 ut
491 2616 541 2654 eae
568 2616 612 2653 res
640 2616 754 2654 causam
781 2599 924 2652 adferrent
951 2599 1065 2653 amoris'
1091 2600 1131 2669 (b)

120 2672 201 2725 Idem
222 2688 272 2740 pro
319 2671 392 2725 aelio
412 2676 490 2739 8,18
517 2672 587 2738 ‘quo
610 2670 673 2724 loco
695 2687 810 2739 possum
832 2668 924 2722 dicere
947 2669 977 2722 id
998 2670 1073 2738 quod

121 2743 238 2796 Crassus
255 2741 396 2812 paulo
416 2745 482 2796 ante
501 2741 585 2811 dixit,
609 2741 741 2794 utinam
758 2756 798 2794 ne
817 2739 851 2793 in
869 2756 1003 2796 nemore
1021 2741 1130 2810 Pelio,

121 2830 156 2868 ac
175 2812 287 2884 longius
307 2813 421 2881 quidem
438 2812 509 2866 mihi
532 2815 678 2868 contexere
701 2811 754 2865 hoo
778 2827 889 2866 carmen
907 2811 1012 2866 liceret.
1048 2813 1131 2867 Nam

120 2901 303 2951 numquam
340 2901 396 2938 era
428 2901 545 2938 errans
577 2885 652 2938 hano
681 2881 841 2936 molestiam
871 2882 954 2938 nobis
986 2881 1130 2939 exhiberet

120 2956 242 3009 Medea
261 2954 394 3010 animo.
411 2999 416 3010 .
433 3000 438 3011 .
455 2955 593 3010 saucia’
614 2958 649 3025 (c)
672 2953 832 3008 Priscianus
851 2955 885 3008 de
904 2954 1000 3009 metris
1019 2955 1129 3010 Terent.

120 3045 142 3082 c.
163 3033 179 3080 2
199 3044 226 3096 p.
247 3032 316 3081 1325
329 3027 360 3080 P.
391 3027 457 3080 ‘nec
476 3027 566 3080 solum
584 3025 684 3081 comici
701 3024 894 3080 huiuscemodi
913 3030 978 3082 sunt
995 3026 1040 3081 usi
1057 3027 1131 3081 iam-

119 3099 176 3166 bis,
206 3097 257 3152 sed
280 3097 367 3152 etiam
388 3097 491 3166 tragici
513 3097 710 3166 uetustissimi,
738 3099 770 3150 ut
793 3096 975 3152 Ennius'in
997 3098 1127 3154 Medea:

120 3170 226 3294 E-SP
248 3169 287 3240 (d)
306 3169 384 3222 Idem
397 3169 462 3222 inst.
477 3187 503 3238 p.
521 3175 571 3222 751
587 3169 616 3224 P.
638 3168 771 3223 ‘trabes
785 3186 836 3238 pro
850 3169 928 3223 trabs
942 3168 1146 3238 proferebant

144 3240 228 3294 nnius
242 3239 274 3293 in
285 3240 398 3295 Medea:
414 3241 450 3310 [1.
461 3241 505 3311 2]’
521 3243 557 3309 (e)
571 3241 660 3294 Varro
675 3241 709 3294 de
723 3239 741 3294 1.
757 3239 775 3295 1,
791 3241 843 3295 VH
856 3246 890 3293 33
904 3240 941 3294 M.
958 3239 1008 3294 ‘sic
1023 3239 1131 3294 dictum

121 3329 138 3365 a
155 3311 336 3380 quibusdam,
355 3314 387 3364 ut
401 3328 458 3364 una
472 3327 563 3378 canes,
583 3328 639 3365 una
657 3311 775 3365 trabes
791 3356 796 3365 .
810 3355 832 3366 ..
847 3311 966 3365 Ennius:
986 3311 1022 3382 [1.
1038 3312 1078 3382 2]’
1094 3311 1129 3380 (f)

121 3382 313 3448 Quintilianus
328 3383 354 3436 V
369 3388 410 3452 10,
426 3387 460 3436 84
480 3383 590 3438 ‘causas
609 3399 666 3436 non
684 3381 781 3451 utique
797 3381 837 3436 ab
856 3381 956 3435 ultimo
975 3397 1035 3435 esse
1052 3399 1130 3452 repe-

119 3455 233 3523 tendas,
260 3456 293 3506 ut
315 3454 427 3522 Medea,
455 3452 588 3507 utinam
609 3453 786 3520 ...Pelio,
812 3451 894 3521 quasi
920 3469 987 3506 uero
1012 3453 1042 3506 id
1068 3471 1131 3508 eam

120 3525 219 3580 fecerit
227 3524 360 3578 miseram
370 3527 420 3578 aut
428 3527 583 3592 nocentem,
596 3525 672 3592 quod
681 3523 741 3577 illic
755 3523 947 3576 ceciderint
961 3523 1129 3594 abiegnae

173 3625 254 3666 Scaea.
268 3635 330 3672 poss.
344 3625 408 3665 Rom.
423 3624 504 3675 fragm.
520 3625 554 3665 ad.
568 3623 684 3664 Brasaca.
953 3619 970 3666 4
