2630 3886
160 142 229 206 306
338 143 387 196 EX
404 143 571 198 INGERTIS
589 143 828 198 INCERTORVM
847 145 997 199 FABVLIS

644 311 695 370 GV

163 401 307 486 Rspirint
329 425 386 488 per
409 404 510 467 undas
533 408 645 467 currus
669 405 840 490 suspensis
864 405 936 488 equi

234 515 328 571 Cicero
352 515 432 571 Tusc.
457 516 527 586 disp.
547 517 573 569 II
591 523 633 584 27,
649 523 681 570 67
713 517 760 570 ‘ut
787 515 862 569 enim
889 515 913 569 si
941 517 986 570 cui
1012 517 1176 586 nauiganti,

161 588 316 656 praedones
341 587 364 641 si
388 587 584 656 insequantur,
609 588 677 640 deus
700 587 749 655 qui
773 586 887 642 dixerit:
912 586 970 642 eice
993 591 1022 642 te
1040 589 1075 642 de
1093 589 1174 658 naui,

161 662 274 728 praesto
299 662 342 712 est
364 659 413 726 qui
437 658 560 728 excipiat
582 659 628 712 uel
648 658 796 728 delphinus
813 657 915 714 ...uel
934 659 1012 728 equi
1030 659 1176 729 Pelopis

161 729 475 800 illiNeptunii,qui
489 747 549 800 per
562 730 668 784 undas
684 747 800 784 currus
816 746 998 798 suspensos
1013 730 1176 800 rapuisse

162 800 335 870 dicuntur,
360 801 501 883 excipient
523 804 551 856 te
571 803 600 854 et
618 818 673 870 quo
692 800 763 854 uelis
781 799 935 870 perferent,
961 818 1071 855 omnem
1090 801 1176 856 omit-

161 871 230 925 tatis
248 872 389 928 timorem:
414 874 469 926 s1e’
491 889 513 926 e.
533 891 559 940 q.
580 890 601 928 s.
638 872 768 926 Fortasse
787 872 960 926 Oenomaum
978 872 1057 926 Accii
1075 872 1177 942 tetigit

138 955 140 960 '
162 942 270 999 Cicero:
290 943 324 998 cf.
343 943 409 998 hist.
429 948 501 1013 trag.
517 949 577 996 440.

232 1042 350 1095 ludendo
373 1043 471 1108 efflari
493 1059 527 1095 erc
547 1040 683 1096 Ciceronis
706 1044 806 1097 cerdis:
830 1043 963 1110 sequentis
980 1059 1073 1097 sersus
1091 1044 1177 1096 initio

161 1110 298 1180 Neptunii
315 1113 401 1179 fuisse
415 1120 504 1181 potest
636 1191 702 1250 GV]

162 1289 237 1354 Siue
259 1291 322 1355 ists
344 1293 449 1356 uirtus
472 1297 528 1356 sed
551 1255 756 1357 latrocinidm
779 1293 896 1376 (scip,

160 1396 329 1464 Horrenda
351 1399 531 1463 miseranda
554 1398 617 1462 ista
639 1400 707 1462 siue
732 1403 780 1462 est
803 1397 981 1482 odlamitss,
1077 1467 1082 1477 ,

161 1505 255 1582 Quod
277 1507 429 1590 expulisti
453 1507 577 1571 saucios
599 1507 705 1590 patrio
728 1507 795 1569 lore

232 1617 374 1672 Charisius
393 1637 418 1688 p.
435 1625 487 1672 254
500 1619 530 1674 P.
565 1621 629 1688 ‘per
648 1617 841 1688 epitropen:
862 1616 935 1670 siue
953 1615 1038 1670 ista’
1060 1633 1083 1672 e.
1104 1635 1130 1684 q.
1151 1635 1178 1676 s.

163 1689 209 1742 ‘de
236 1689 349 1743 nomine
373 1689 542 1760 disceptatio
566 1693 620 1759 est,
650 1707 713 1743 cum
734 1706 778 1742 res
802 1687 841 1742 sit
863 1687 966 1757 palam.
995 1686 1076 1740 huie'
1107 1687 1175 1757 (hic

161 1760 232 1830 cod.)
254 1761 438 1815 ‘aduersariis
461 1761 650 1830 permittimus
674 1778 729 1829 quo
750 1760 841 1813 uelint
857 1761 942 1828 pacto
960 1775 1064 1812 nomen
1082 1758 1175 1827 impo-

160 1848 238 1900 nere,
257 1835 290 1885 ut
308 1832 343 1887 de
362 1850 394 1887 eo
412 1833 507 1902 potius
527 1851 611 1900 quam
630 1833 664 1886 de
682 1849 712 1885 re
732 1831 794 1900 ipsa
813 1829 943 1883 dubitare
962 1829 1130 1884 uideamur.’

196 1981 197 1988 ,
234 1935 246 1980 1
267 1929 327 1984 siue
350 1929 406 1984 ista
429 1930 519 1983 uirtus
540 1947 588 1984 seu
608 1930 728 1997 Keilius,
749 1936 895 1998 postquam
913 1927 973 1982 siue
991 1927 1048 1981 ista
1067 1927 1177 1981 uirtust

161 2016 209 2052 seu
233 2001 370 2055 edideram
392 2001 452 2055 siue
475 2000 517 2054 ita
540 2001 630 2054 uirtus
652 2000 712 2054 siue
730 2002 787 2055 cod.
860 1998 1041 2054 latrocinium
1060 1999 1174 2053 Kcils'us

159 2069 202 2124 ita
219 2071 378 2138 patrocinii
397 2074 454 2126 cod.
509 2071 564 2125 fuit
578 2073 695 2140 Keilius,
714 2089 764 2126 ora.
784 2074 840 2126 cod.
860 2070 936 2123 cluet
950 2071 1092 2125 Boelrreas
1105 2088 1172 2124 aaa.

156 2142 258 2209 philol.v
269 2146 337 2195 1872
353 2161 381 2210 p.
398 2147 450 2195 623
505 2150 520 2196 2
539 2143 678 2196 horrenda
693 2161 774 2212 prop.
791 2144 880 2196 coroll.
897 2158 966 2196 coru.¹
977 2139 1089 2194 CXXXI
1107 2141 1173 2194 hor-

159 2210 247 2265 rendu
266 2214 322 2266 cod.
391 2212 551 2268 miseranda
570 2214 626 2267 ista
644 2215 786 2268 Boclerercs
807 2215 840 2281 (r.
860 2214 898 2267 od
915 2231 939 2267 c.
961 2215 986 2280 1)
1009 2211 1173 2265 miseranda

160 2285 216 2338 cod.
240 2281 429 2337 miserandum
448 2285 558 2340 Keilias
630 2285 689 2338 siue
713 2288 756 2338 est
776 2282 924 2337 calamitas
943 2284 983 2337 ed.
1000 2301 1044 2352 pr.
1064 2283 1102 2336 fia
1121 2285 1173 2352 (vel

159 2355 207 2424 fiu)
227 2360 259 2410 ee
274 2354 402 2409 clamatis
417 2358 473 2410 cod.
488 2356 575 2410 fuisse
589 2355 738 2410 clamitant
753 2357 870 2410 Keilius.
890 2357 921 2407 iri
935 2355 1036 2408 codicis
1049 2356 1173 2424 oestipiis

160 2426 288 2481 deflenda
321 2443 381 2481 esse
413 2427 464 2481 cal.
500 2429 581 2482 latere
605 2430 692 2496 possit
763 2427 826 2480 latr.
855 2423 1012 2494 horridum,
1039 2428 1042 2494 l
1069 2423 1180 2494 (siue)

159 2498 318 2554 miseranda
346 2498 434 2552 fertur
458 2513 518 2552 esse
542 2497 593 2552 cal.
618 2499 679 2552 Bae
751 2504 767 2550 3
791 2495 908 2550 insonti
921 2496 996 2564 quod
1022 2495 1173 2551 Fabricius

171 2581 173 2594 '
213 2569 346 2638 expulisti
365 2573 463 2639 scripsi
481 2567 607 2622 extulisti
626 2571 683 2623 cod.

558 2701 647 2761 CVII.
673 2701 770 2760 GVIII

106 2804 260 2890 acolldm,
279 2827 374 2888 quam
392 2803 475 2867 nihil
493 2808 629 2886 accusas,
649 2803 792 2866 damnas:
811 2800 892 2863 bene
909 2821 1006 2883 quam
1020 2799 1169 2884 meritam

795 2909 862 2972 esse
885 2909 1046 2990 autumas,

125 3033 126 3038 ’
167 3017 251 3081 Male
270 3039 399 3081 merere.
432 3016 465 3079 id
484 3015 569 3101 quid
587 2993 649 3080 scis
662 3015 794 3099 prodest
807 3012 899 3092 mlril,
917 3013 950 3076 id
965 2992 1051 3096 quod
1064 3009 1169 3075 nescis

324 3135 325 3140 ’
796 3119 909 3184 obest?

230 3232 310 3306 CVII.
330 3235 416 3290 CVIII
435 3234 530 3290 Cicero
550 3239 619 3290 orat.
639 3239 752 3302 49,166
774 3234 821 3286 ‘ut
836 3275 840 3288 .
854 3275 858 3286 .
872 3275 876 3286 .
892 3230 1092 3300 intellegamus
1111 3248 1168 3283 non

158 3303 318 3375 quaesitum
341 3323 401 3360 esse
419 3324 576 3373 numerum,
601 3306 651 3359 sed
670 3307 802 3358 secutum.
841 3302 921 3367 Quod
939 3303 972 3356 fit
989 3301 1059 3356 item
1077 3301 1108 3354 in
1125 3317 1172 3370 re«

158 3377 279 3430 ferendis
306 3377 465 3445 contrariis,
489 3380 522 3430 ut
543 3377 596 3430 illa
619 3379 696 3444 sunt,
721 3375 822 3443 quibus
841 3391 897 3427 non
915 3374 999 3428 modo
1017 3389 1168 3426 numerosa

159 3447 262 3514 oratio,
291 3448 340 3501 sed
368 3447 454 3516 etiam
482 3464 578 3501 uersus
602 3446 733 3501 efficitur:
763 3463 834 3500 eam
850 3487 855 3498 .
872 3489 877 3500 .
895 3489 900 3499 .
916 3445 1064 3498 damnas.
1102 3459 1167 3497 con-

159 3519 273 3569 demnas
297 3517 414 3586 diceret,
438 3517 487 3585 qui
509 3535 621 3572 uersum
640 3516 761 3586 effugere
779 3516 874 3571 uellet.
896 3515 985 3570 ‘bene
1059 3515 1165 3569 obest.
