2624 3888
129 187 212 250 2230
565 189 593 241 L.
615 187 743 242 ACCIVS
773 275 775 280 Ι

142 349 234 474 ὴιθῖττᾶθ
253 367 274 400 ω
297 345 384 471 t20rrai
402 364 422 402 sc
495 353 510 400 2
537 346 641 400 'uassit
660 347 743 418 Sanc.
769 346 909 416 persuasit
926 349 980 402 alii
1052 347 1164 402 tonitui

179 437 197 473 c
227 435 287 472 .m.
946 433 947 436 ¹

214 523 383 577 Addcndum
401 524 521 577 fortasse
540 524 594 578 inc.
614 525 667 578 inc.
687 524 745 578 fab.
766 524 915 578 XXXVIII.

501 637 503 642 ’
571 675 737 734 uacuas

144 793 245 859 Vctdr
266 795 409 858 fatorum
432 794 589 859 tirminus
613 795 659 858 sic
682 795 827 858 iusserat.

214 914 375 970 Priscianus
393 933 420 984 p.
437 921 487 969 716
502 916 531 970 P.
554 915 694 986 ‘quamuis
708 917 806 969 uetcr
819 915 907 970 utinm
920 915 1055 988 analogia
1070 917 1162 989 exigit

143 991 177 1041 ut
193 988 266 1042 benc
285 985 322 1040 sit
341 985 455 1040 dictum.
493 986 593 1041 Accius
612 986 643 1040 in
658 987 788 1042 Hecuba:
807 989 886 1041 ustor
901 986 1088 1058 ...iusserat
1107 1007 1159 1060 pro

143 1059 245 1112 uatus’
279 1056 458 1126 comparavit
476 1057 683 1113 Haimsocthius
706 1057 763 1111 ind.
784 1058 881 1113 scholl.
900 1058 1038 1114 Bonnens.
1056 1060 1159 1133 littus?

143 1148 170 1199 p.
189 1130 228 1183 XI
251 1145 285 1182 ex
303 1127 445 1197 Euripidis
464 1128 580 1184 Hecuba
598 1148 624 1183 ιι.
640 1134 705 1184 584:
724 1133 802 1183 θεῶν
821 1130 979 1199 ἀναγκαῖον
998 1128 1062 1185 τόδε
1081 1134 1160 1200 (nam

144 1200 185 1254 sic
204 1203 282 1254 extat
302 1198 448 1270 scriptum)

511 1315 796 1375 NYOTEGRIISIA

214 1419 418 1488 Nnccncsnsu:
442 1432 524 1486 Pauli
546 1433 645 1486 Festus
662 1451 689 1502 p.
711 1437 743 1486 78
758 1433 795 1485 Μ.
821 1433 948 1502 ‘egrotus
971 1436 1000 1486 ct
1025 1437 1159 1504 adgratus

143 1520 178 1558 cx
201 1503 306 1559 Gracco
332 1507 398 1559 sunt
421 1505 506 1558 ducta
530 1520 547 1556 a
569 1503 709 1573 surgendo
733 1506 762 1558 ct
784 1502 999 1572 proficiscendo:
1033 1505 1107 1558 undo
1131 1509 1162 1560 ct

142 1576 364 1645 nyctegresia
385 1575 467 1644 quasi
485 1573 710 1644 noctisurgium.’

526 1791 527 1796 ἵ
643 1725 659 1782 Ι

568 1826 678 1890 classis
701 1827 791 1890 aditu
815 1827 1006 1892 occluditur:

144 1913 257 1979 struit

214 2036 286 2089 Non.
305 2041 398 2104 tom
419 2035 542 2089 ‘seruit
559 2053 610 2105 pro
629 2037 720 2090 feruet
735 2037 788 2090 ...'
853 2043 856 2048 '

217 2150 230 2196 1
251 2142 331 2196 aditu
350 2141 507 2197 occluditur
524 2145 623 2212 scripsi
641 2142 710 2196 adid
728 2143 826 2212 (addid
843 2145 900 2214 Ba)
920 2146 1043 2200 claditur
1061 2148 1159 2202 BHL

143 2213 348 2270 aditocluditur
361 2235 382 2284 φ
398 2213 493 2267 aditus
508 2213 649 2267 clauditur
661 2215 772 2269 Vocatus
785 2215 856 2270 adso
871 2217 1029 2272 occluditur
1039 2219 1159 2274 Bottc'us

638 2364 670 2422 Π

145 2467 270 2535 Scindit
293 2490 377 2552 oras,
401 2467 538 2532 litorum
561 2470 650 2530 texta
673 2465 844 2551 <flamma>
867 2467 1009 2534 Vulcani
1027 2493 1139 2535 uorax.

214 2589 286 2644 Non.
305 2595 370 2658 22⁷,
385 2593 419 2643 27
440 2590 571 2643 ‘textus
590 2587 739 2641 masculini
762 2591 806 2642 est
823 2590 943 2659 generis.
978 2591 1079 2645 Neutri
1093 2631 1123 2649 ..
1140 2594 1158 2648 .’

143 2661 400 2732 (Nyctsgrcsias
420 2659 556 2715 scandit
574 2658 662 2728 Laid.)
1107 2662 1109 2666 '

216 2767 319 2823 scindit
338 2768 431 2823 Vrbis.
451 2767 517 2822 Par.
537 2765 646 2820 scandit
665 2787 687 2836 φ
706 2766 818 2821 scandit
838 2768 970 2824 Goutcrus
1042 2769 1160 2824 iamiam

143 2840 272 2894 ascendit
289 2841 415 2894 Bothiuc.
443 2839 492 2893 Ao
509 2837 623 2891 flamma
641 2837 787 2894 ascendit?
842 2857 904 2894 oras
925 2841 1025 2910 scripsi
1047 2841 1116 2895 hora
1136 2863 1158 2896 ω

143 2929 212 2965 aura
227 2912 381 2966 Polnwrius
393 2909 437 2964 ira
451 2909 584 2964 Cauterus
597 2909 680 2962 I'lora
695 2908 817 2980 Sccli9cr
866 2909 1007 2965 Volcanus
1023 2913 1158 2980 GIfaoius

627 3061 674 3118 HI

89 3181 141 3230 485
154 3162 252 3228 Cuius
288 3163 347 3228 uos
383 3162 516 3226 tumulti
552 3165 647 3226 causa
684 3161 831 3226 accicrim
864 3166 896 3226 et
930 3162 1008 3247 quid
1039 3186 1161 3250 parem,
1299 3235 1300 3264 ξ

729 3267 915 3353 <animum>
938 3270 1109 3335 adudrtito.
1142 3321 1145 3330 .

217 3391 288 3446 Non.
308 3396 405 3458 484,5
430 3390 586 3444 ‘tumulti
609 3407 659 3459 pro
679 3389 816 3444 tumultus
832 3433 838 3445 .
855 3435 860 3444 .
877 3435 882 3445 .
897 3391 998 3446 Accius
1018 3392 1161 3448 Aeneadis

148 3461 280 3515 ..idom
297 3461 523 3530 Ncotcgrosia
539 3504 543 3514 .
557 3505 561 3514 .
574 3461 591 3514 .’

218 3567 371 3620 Iambccuon
388 3572 572 3620 tetrametram
590 3569 702 3638 ayoocit
720 3568 856 3638 Bacchius
915 3570 955 3640 ct]
975 3587 1005 3623 cr
1023 3571 1058 3623 H
1072 3575 1105 3623 to
1124 3571 1167 3624 W
