2624 3888
534 153 563 206 9,
583 151 711 207 999999
993 221 994 226 q
1064 153 1125 216 191

113 311 289 438 ἕτοᾞξξίε
307 328 454 382 segregare
482 313 533 366 ebs
561 315 590 366 te
618 329 718 380 susus,
751 314 780 366 et
808 311 920 383 [XVIII]
949 315 978 366 et
1006 312 1127 366 Atreus

127 399 173 437 ere
256 401 269 436 s

158 481 496 563 1999991199999969,
520 481 743 536 9911199991469
767 483 799 536 de
818 487 885 536 erut.
905 479 966 550 ipse
985 481 1077 535 Laud
1096 483 1128 536 de

114 559 185 608 orat.
213 552 302 622 ipsius
325 553 525 608 9199999179.
552 554 584 607 de
607 559 675 607 orat.
699 551 792 622 ipsum
811 572 832 605 ω
859 553 950 620 Ture,
977 553 1035 606 uisi
1057 554 1129 620 quod

113 623 734 750 991991191991111991919119999
742 623 914 748 metite
931 705 951 763 ψ
971 622 1128 760 edit

114 766 218 821 Serreea
247 767 315 836 Tiiy.
336 771 387 819 779
418 765 582 819 mandarem
608 787 624 836 χ
657 767 689 820 919
716 773 797 834 orat,
830 786 851 818 ω
883 766 974 834 Tiso,
1007 766 1129 833 defendit

114 838 249 892 Baiterds
267 839 325 892 9911.
346 837 430 892 19999.
450 838 488 890 Π
503 841 556 890 633

579 933 666 992 XVII

113 1034 239 1120 'Egone
250 1033 413 1121 Argiuum
432 1035 603 1119 imperium
622 1035 780 1120 attingam
799 1038 855 1098 eut
868 1033 1001 1118 Pelopia
1016 1034 1128 1120 digne'r-

755 1141 872 1206 domo?

114 1246 203 1324 Quoi
222 1270 274 1312 me
297 1248 486 1313 ostendum?
509 1249 596 1332 quoe
617 1247 775 1332 templum
798 1247 930 1312 adeam?
954 1269 1049 1331 quem
1073 1248 1127 1312 dre

753 1354 881 1418 funesto
904 1353 1072 1438 dHoquer?

186 1467 258 1520 Non.
275 1472 363 1535 281‚4
379 1466 558 1536 ‘dignutus
574 1465 716 1536 signifieat
730 1465 831 1536 dignus
846 1465 977 1521 habitus.
991 1511 995 1520 .
1008 1511 1013 1521 .
1024 1466 1125 1520 Aoeius

112 1540 144 1592 in
161 1537 387 1608 Neoptolemo„
401 1537 497 1592 .idem
515 1537 545 1590 in
563 1537 706 1592 Atreo...
710 1539 718 1564 ’

188 1643 202 1689 1
222 1635 340 1705 Pelopia
360 1636 470 1690 Vossius
487 1633 599 1704 Pelopis
619 1656 640 1690 ω
714 1642 729 1688 2
749 1635 816 1704 quoi
834 1636 949 1705 Lipsius
967 1652 1023 1703 quo
1042 1656 1063 1688 ω

113 1723 199 1776 quem
223 1723 270 1760 ore
287 1724 349 1762 mss.
370 1706 459 1761 Fabri
477 1713 502 1762 99
521 1707 640 1762 Mereeri
662 1723 735 1774 quae
753 1722 830 1760 more
849 1709 941 1777 (mone
961 1706 1072 1776 (111199

112 1777 226 1832 funeste
247 1779 312 1832 GH
359 1777 487 1845 alloquar
506 1777 647 1832 Mereerus
665 1777 811 1846 colloquar
828 1799 850 1832 ω

569 1911 672 1970 XVHI

111 2011 246 2096 'Ecquis
268 2011 330 2076 hoo
352 2013 610 2077 animadudrtet‘?
632 2012 766 2077 uinoite!

187 2123 282 2178 Cicero
302 2125 597 2193 (199991.1Π66,217
616 2123 788 2194 (9991911191)
815 2125 893 2179 Idem
906 2126 987 2180 Tuse
1003 2125 1073 2207 disp.
1087 2125 1126 2180 IV

112 2202 161 2264 26,
178 2196 242 2249 669
249 2195 405 2264 eequis..
419 2169 583 2252 ,99999991
606 2213 674 2249 num
693 2198 743 2250 9991
761 2212 851 2266 egisse
870 2213 1004 2265 umquam
1021 2196 1126 2250 9991999

111 2269 284 2336 Aesopum
303 2270 353 2320 9991
372 2267 514 2337 scripsisse
534 2266 678 2320 existimus
697 2265 802 2321 iratum
819 2267 968 2323 Aoeium?'

186 2366 215 2417 et
233 2363 296 2432 quis
314 2385 336 2418 ω
359 2366 434 2420 Tuse.
454 2365 517 2433 quis
536 2367 577 2420 991
595 2366 624 2418 91
642 2363 704 2432 quis
723 2367 765 2420 991
783 2364 810 2418 99
828 2364 890 2432 quis
909 2367 950 2420 9991
964 2365 1043 2433 equis
1057 2386 1079 2418 99
1093 2365 1125 2420 de

111 2443 182 2490 erat.
238 2435 291 2490 hoo
310 2453 361 2490 om.
382 2437 454 2492 Gud.
474 2455 488 2491 9
543 2435 751 2490 animaduertet
765 2437 878 2490 Atrine.
894 2439 977 2492 deor.
998 2435 1124 2489 99999991-

110 2509 205 2560 uertet
223 2507 285 2562 Eri.
305 2525 365 2562 99999
384 2509 449 2562 aliis
467 2505 669 2562 animaduertit
689 2509 754 2561 libri
768 2508 893 2577 plerique

583 2640 653 2697 XIX
1059 2697 1060 2702 ,

108 2733 300 2816 Numquam
322 2733 419 2797 istum
443 2733 632 2797 imminuam
656 2737 764 2797 eurem
788 2733 955 2798 infitiande
978 2733 1048 2798 tibi.

185 2844 312 2899 Cicero
303 2863 334 2898 m
352 2845 407 2900 Pis.
423 2853 470 2915 33,
486 2852 519 2900 82
549 2848 742 2928 quamquem,
771 2847 847 2915 quod
874 2847 912 2900 991
938 2863 983 2900 me
1011 2845 1122 2916 attinet,

108 2933 267 2984 numquam
289 2916 384 2970 istem’
406 2933 428 2972 e.
449 2935 474 2985 q
495 2935 515 2971 s.
552 2917 721 2972 Asconius
713 2936 743 2971 m
765 2918 784 2972 1
803 2918 851 2973 19
852 2935 939 2989 prope
958 2917 1052 2972 notius
1072 2921 1122 2988 est,

109 3005 198 3055 quam
216 2990 249 3040 ut
266 2987 449 3042 indicandum
468 2987 517 3058 sit,
536 2989 610 3043 hune
629 3007 741 3044 uersum
760 3007 820 3044 esse
838 2990 868 3045 L
888 2989 956 3044 Aeei
973 2993 1075 3060 poetee
1095 2963 1123 3043 91

109 3057 182 3112 diei
201 3076 218 3112 9
237 3058 387 3128 Thyeste
405 3060 529 3115 Atreo!

589 3141 644 3198 XX

105 3238 291 3306 Probee't
259 3239 319 3303 etsi
342 3240 377 3303 in
399 3243 540 3326 segetem
563 3245 638 3304 99991
661 3241 851 3306 deteriorem
875 3241 966 3305 dutee
1110 3247 1175 3311 2341

104 3345 284 3432 Fruges‚t
286 3369 379 3411 99999
401 3347 488 3431 ipsue
512 3349 624 3431 suapte
647 3351 762 3412 991999
785 3349 916 3412 enitent.

182 3457 278 3512 Cieero
297 3459 378 3540 Tuse
399 3459 469 3530 disp.
484 3461 548 3528 Π6,
564 3462 626 3513 139
628 3477 695 3514 nem
713 3463 746 3514 ut
765 3460 826 3530 agri
844 3477 901 3513 non
919 3477 1014 3515 omnes
1033 3462 1120 3534 frugi-

104 3529 161 3585 feri
191 3533 257 3584 sunt
284 3530 333 3599 qui
359 3530 500 3602 coluntur,
529 3531 687 3600 falsumque
710 3531 783 3585 illud
805 3530 898 3586 Aeci:
926 3531 1096 3600 probae..
