2590 3890
164 147 208 212 48
579 143 610 209 Q·
629 141 765 198 ENNIVS

166 308 293 361 seruant:
312 304 387 359 Iouis
401 305 525 360 Neratius
579 309 726 358 tmomen
743 303 797 358 Ad.
813 303 998 375 Kieesls'rsyiue
1016 304 1178 359 dubitanter
1205 337 1207 340 -

164 379 262 437 lumen
275 377 454 432 Heinsiotius
501 375 603 432 beluae
617 375 796 430 Hetmtetius
849 379 971 429 3noenu
984 374 1178 430 EleekeIseaus

165 465 248 502 nemo
268 448 361 504 (lituo
379 449 423 517 (ef.
442 447 532 504 eorolt.
552 445 679 516 XXVIII)
695 462 754 500 non
771 446 901 501 Donatus
954 448 1063 515 spectat
1083 447 1178 502 OEeero
1220 461 1223 466 ·
1286 467 1287 480 ¹

166 519 247 573 uidet
264 519 394 574 Domtuo
456 518 532 587 quod
549 534 599 587 pro
617 516 751 587 pedibust
767 533 802 572 ex
820 517 949 572 Muneris
967 535 987 572 m
1046 517 1077 570 in
1095 517 1177 572 eaelo
1286 575 1287 580 .

167 590 236 660 quid
249 591 281 644 fit
295 589 500 644 obseruationis
510 589 735 644 Cum-nomen
749 587 865 656 aliquod
874 587 1033 643 beluarum:
1049 587 1131 654 Quod
1142 621 1176 629 —

142 723 145 727 ,
166 678 248 717 nemo
268 680 321 732 sp,
341 678 364 716 o.
384 663 544 716 scrutantur
561 660 600 730 pl.
619 661 757 716 Votienus
774 661 832 715 ind.
853 665 922 716 1878
937 678 967 730 p.
983 668 1062 730 tsqq.

584 858 586 863 .
651 890 694 950 IX
799 887 802 892 ἡ

586 1009 756 1095 Iphigenia

166 1115 382 1181 Acherontem
405 1115 517 1210 obibo,
539 1116 597 1180 ubi
619 1117 733 1180 mortis
759 1115 902 1180 thesauri
925 1115 1081 1180 obiacent.

239 1255 338 1308 Festus
355 1273 382 1324 p.
402 1260 453 1309 201
473 1256 510 1310 Μ.
548 1255 605 1310 ‘ob
632 1254 841 1325 praepositione
869 1254 1001 1324 antiquos
1025 1272 1091 1310 usos
1116 1272 1177 1310 esse

168 1342 219 1394 pro
238 1325 279 1379 ad
296 1325 378 1380 testis
397 1330 441 1381 est
457 1325 565 1380 Ennius
584 1359 618 1368 —
638 1359 671 1368 —
691 1329 720 1381 et
738 1327 768 1379 in
786 1325 955 1398 Iphigenia.
972 1371 977 1381 .
994 1327 1011 1381 .'
1042 1326 1076 1381 of.
1096 1327 1178 1381 Emi-

169 1395 244 1465 pidis
263 1415 289 1451 v,
310 1402 390 1452 1375:
409 1402 566 1453 κατθανεῖν
584 1396 635 1469 μέν
653 1417 701 1468 μοι
719 1395 850 1452 δέδοκται
868 1418 893 1453 κ.
907 1417 930 1454 τ.
945 1402 968 1451 t.

240 1521 324 1576 obibo
343 1522 451 1578 Aldr'aa
469 1521 555 1576 adibo
574 1524 631 1578 eod.
694 1522 825 1577 obiacent
843 1522 951 1578 Aldina
969 1522 1101 1577 adiacent
1120 1526 1178 1580 eod.

659 1734 687 1792 X

259 1852 369 1918 Oieero
402 1851 493 1919 Tuso.
527 1852 605 1937 disp.
629 1851 646 1917 Ι
670 1853 810 1938 48,116
843 1851 1028 1940 ‘Iphigenia
1051 1852 1179 1921 -Aulide

170 1959 256 2024 duci
270 1982 307 2024 se
321 1958 589 2024 immolandam
603 1959 702 2058 iubet,
716 1963 753 2024 ut
766 1958 951 2024 hostium'
966 1957 1022 2047 (so.
1033 1960 1179 2050 sanguis)

171 2065 367 2130 ‘eliciatur
389 2066 477 2131 suo.’

117 2201 170 2250 204
240 2187 321 2241 Vnde
339 2186 476 2255 Bergkius
496 2185 637 2240 senarium

328 2310 368 2364 Vt
385 2308 510 2364 hostium
527 2308 657 2364 eliciatur
675 2309 789 2380 sanguis
809 2310 945 2380 stnguine
1056 2313 1059 2318 '

171 2433 276 2503 effecit,
300 2427 383 2502 quem
406 2451 469 2488 oum
491 2433 524 2488 fr.
542 2433 581 2486 IX
604 2432 737 2502 coniungi
759 2432 848 2488 iussit.
887 2433 929 2487 Ex
946 2433 1106 2505 Euripideis
1125 2438 1182 2494 huo

170 2504 356 2645 pgrtluffitsqv.
377 2511 458 2560 1475:
486 2502 568 2575 ἄγετέ
589 2524 623 2575 με
645 2504 699 2560 τὰν
718 2501 803 2560 Ἰλίου
826 2506 874 2559 καὶ
898 2509 1015 2576 Φρυγῶν
1038 2505 1182 2565 ἑλέπτολιν

654 2725 696 2782 XI

78 2925 80 2928 ¹
119 2865 188 2914 203.
208 2897 214 2911 .
234 2897 240 2910 .
260 2897 267 2910 .
291 2847 372 2929 quae
394 2866 478 2910 nuno
501 2845 558 2908 abs
576 2849 608 2908 te
626 2842 742 2907 uiduae
762 2845 794 2906 et
812 2847 920 2908 uastae
939 2843 1083 2931 uirgines
1104 2853 1182 2914 sunt

243 2981 354 3037 Servius
377 2982 456 3038 Fuld.
480 2982 511 3036 in
532 2982 600 3035 Aen.
619 2981 681 3035 152
706 2981 821 3035 ‘uasto
844 2998 895 3050 pro
919 2971 1046 3038 desolato
1070 2989 1183 3042 ueteres

171 3053 323 3180 ffddsllll
352 3052 458 3108 Ennius
471 3051 604 3123 lligenia.
617 3095 622 3106 .
635 3053 652 3106 .’
683 3049 722 3106 cf.
737 3051 879 3121 Euripidis
893 3071 918 3108 v.
933 3059 1001 3108 1335
1012 3073 1052 3124 sq.
1071 3055 1184 3114 Helena

127 3301 128 3305 ,
242 3249 381 3305 senorium
403 3264 475 3316 quae
497 3265 571 3302 nuno
594 3249 660 3301 sunt
683 3245 733 3300 abs
756 3249 785 3302 te
808 3245 911 3302 uiduae
934 3251 1033 3304 uastae
1054 3249 1184 3322 uirgines

169 3323 304 3391 proporat
321 3321 410 3377 eorott.
430 3319 519 3373 XXIX

244 3445 289 3498 Ad
307 3445 425 3500 eandem
442 3443 569 3498 fabulam
587 3442 685 3498 rettuli
702 3441 756 3496 inc.
771 3457 846 3497 nom.
859 3442 1062 3500 XXII—XXIV
1079 3449 1108 3500 et
1126 3447 1184 3504 ino.

174 3515 227 3570 ino.
247 3516 303 3570 fab.
323 3516 368 3570 XI.
387 3515 459 3570 XIII.
1066 3569 1069 3575 .
