2618 3900
548 204 586 258 M.
605 203 784 258 PACVVIVS

627 373 709 430 XXX

156 471 317 556 Alcyonis
340 473 406 537 ritu
428 473 507 537 liius
530 473 724 559 peruolgsins
746 473 841 538 feror.

233 593 322 648 Varro
344 594 380 648 de
398 594 416 648 l.
436 594 454 648 l.
473 594 526 648 VII
540 600 574 649 88
588 595 625 649 M.
665 594 760 664 ‘origo
782 593 813 648 in
835 593 879 648 his
903 594 1031 660 omnibus
1055 594 1170 663 Graeca,

156 668 195 718 ut
218 665 293 734 quod
316 665 392 734 apud
414 665 562 721 Pacuium:
592 666 733 735 alcyonis'
754 682 776 718 e.
797 683 822 733 q.
843 683 863 721 s.
903 665 988 719 ‘haec
1012 665 1086 720 enim
1109 665 1171 719 auis

158 737 268 790 Graece
287 735 390 790 dicitur
409 737 527 804 ἀλκυών,
545 737 636 791 nostri
653 755 728 790 nunc
747 737 878 804 alced03
897 737 967 790 haec
985 736 1077 792 hieme
1096 737 1172 804 quod

156 806 255 877 pullos
280 807 383 860 dicitur
406 807 561 876 tranquillo
583 808 655 862 mari
680 808 787 870 facere,
811 825 858 861 eos
882 807 941 861 dies
961 807 1103 876 alcyonios
1123 825 1171 876 ap-

156 878 279 948 pellant.
317 877 398 942 Quod
421 883 465 933 est
486 879 517 932 in
539 895 623 934 uersu
646 878 803 949 alcyonis
826 881 909 947 ritu,
933 878 963 931 id
987 882 1031 932 est
1051 879 1111 932 eius
1129 878 1171 932 in-

158 950 283 1003 stituto’
327 949 361 1004 cf.
393 949 566 1004 Ilitschelius
599 968 692 1020 opusc.
721 951 746 1003 Π
770 955 829 1004 500.
870 950 1033 1019 Deiphilum
1065 949 1172 1004 conieci

156 1022 233 1074 haec
251 1020 281 1073 in
298 1020 390 1074 Iliona
407 1024 537 1090 questum
556 1038 624 1076 esse.

233 1125 383 1196 peruolans
412 1128 478 1183 Par.
507 1147 536 1186 a,
553 1129 598 1198 (cf.
627 1129 710 1183 Lacr.
734 1127 760 1181 H
783 1131 845 1198 346)
934 1129 1009 1182 feror
1037 1131 1173 1184 Victorius

157 1199 241 1252 furor
258 1219 279 1252 ω

617 1279 715 1335 XXXI

156 1377 292 1442 'Omnes
310 1379 462 1463 latebrae,
482 1379 612 1444 subluis
629 1379 714 1442 mole
732 1379 885 1462 (omnes)
904 1380 1068 1444 abstrus6s
1084 1381 1173 1444 sinus

236 1499 386 1554 Suetonius
411 1501 486 1569 apud
508 1501 647 1554 Isidorum
671 1500 705 1554 de
727 1502 785 1554 nat.
809 1516 901 1552 rerum
923 1507 958 1554 44
977 1519 1004 1570 p.
1025 1507 1058 1554 73
1077 1502 1119 1556 ed.
1139 1501 1171 1555 G.

158 1572 271 1625 Becker
288 1571 328 1640 (in
343 1571 469 1626 Suetonii
487 1572 566 1640 reliq.
586 1572 629 1625 ed.
649 1589 666 1625 a
684 1570 913 1624 Reifferscheidio
927 1590 953 1641 p.
970 1575 1032 1640 243)
1052 1571 1172 1626 ‘moles

159 1659 236 1710 quae
269 1641 393 1696 eminent
425 1646 454 1697 et
485 1645 652 1712 procurrunt
679 1641 762 1709 mari,
796 1642 830 1694 de
859 1642 961 1710 quibus
988 1643 1171 1698 Pacuuius:

159 1714 275 1768 omnes'
303 1729 326 1767 e.
346 1731 371 1781 q.
393 1732 414 1768 s.
450 1713 557 1768 Ilionae
585 1713 674 1767 tribui
702 1712 847 1766 ariolando
876 1713 920 1780 (cf.
949 1713 1002 1768 inc.
1032 1713 1085 1768 inc.
1113 1713 1171 1768 fab.

157 1785 268 1854 XLIII),
288 1783 357 1838 item
374 1785 408 1839 fr.
428 1785 531 1838 XXXII
550 1787 579 1839 et
596 1783 718 1853 Bergkio
738 1786 851 1838 auctore
870 1784 993 1839 XXXIII.

235 1890 350 1944 subluta
371 1891 445 1944 mole
466 1893 565 1960 scripsi
588 1891 639 1944 sub
662 1891 720 1945 leto
743 1889 885 1960 (sublaetu
907 1892 1001 1960 Bodl.)
1024 1891 1098 1945 mole
1122 1895 1173 1962 (uel

159 1961 266 2032 molae)
286 1983 306 2016 ω
326 1962 377 2015 sub
396 1962 457 2016 lata
474 1961 548 2016 mole
567 1963 702 2017 Arctatus
721 1961 832 2016 obiecta
850 1961 923 2015 mole
942 1963 1059 2017 Rothius
1109 1963 1172 2017 abs·

157 2038 255 2088 trusos
274 2033 516 2104 Loapeusc'cpeooa
534 2033 678 2088 abstrusas
697 2035 747 2102 (cel
765 2034 919 2100 obstrusas)
938 2055 959 2088 ω
983 2034 1111 2088 obtrusas
1132 2037 1173 2088 ccl

159 2106 279 2159 obrutas
298 2105 434 2158 Arcoalos
488 2104 540 2157 sub
559 2103 689 2158 litoribus
708 2103 796 2158 moles
815 2103 959 2158 abstrusas
979 2123 999 2158 s.
1019 2107 1080 2159 Boe

611 2255 724 2312 XXIIII

159 2358 248 2434 Quid
271 2357 345 2420 med
368 2356 484 2420 obtutu
507 2358 620 2440 terres,
643 2356 764 2419 mulces
786 2355 957 2419 laudibus?
1174 2372 1225 2420 395

233 2467 317 2524 Pauli
344 2469 443 2522 Festus
470 2487 498 2538 p.
519 2475 569 2522 144
592 2469 629 2522 Μ.
670 2466 833 2520 ‘mulcere
866 2467 940 2520 euim
970 2466 1079 2520 mollire
1113 2466 1173 2520 siue

157 2541 251 2595 lenire
266 2541 330 2594 est.’
360 2539 393 2594 cf.
408 2558 434 2608 p.
452 2545 502 2594 186
523 2539 646 2608 ‘optutu'
663 2537 863 2608 (Reitzenstein
877 2537 984 2592 Verrin.
1000 2537 1112 2591 Forsch.
1127 2543 1172 2606 36)

233 2655 319 2692 mem

602 2715 731 2773 XXXIII

231 2817 361 2882 Servius
389 2814 663 2881 rumuliaco
697 2817 751 2880 ‘de
783 2819 886 2880 morte
917 2819 1023 2880 autem
1051 2814 1172 2880 Priami

157 2926 252 2990 uarie
284 2925 403 2987 lectum
437 2926 492 2987 est.
539 2923 594 2986 alii
628 2922 751 3008 dicunt,
777 2923 873 3010 *quod
905 2946 923 2986 a
954 2921 1102 3006 Pyrrho
1134 2924 1172 2986 in
1234 2978 1238 2984 .

160 3034 272 3098 domo
297 3030 447 3114 quidem
471 3049 538 3092 sua
567 3034 702 3114 captus
729 3034 799 3116 est,
827 3031 890 3094 sed
919 3030 963 3094 ad
985 3030 1172 3094 tumulum

51 3126 55 3131 ’
157 3137 332 3204 Achillis
364 3139 513 3200 tractus
546 3137 769 3220 occisusque
798 3141 854 3200 est
881 3137 990 3200 iuxta
1018 3135 1173 3222 Sigeum

159 3243 469 3331 promontorium
493 3239 582 3328 (nam
605 3243 639 3305 in
657 3241 802 3306 Rhoeteo
820 3242 904 3306 Aiax
927 3242 1072 3326 sepultus
1095 3240 1171 3329 est):

159 3359 254 3418 tunc
283 3351 363 3414 eius
392 3352 506 3432 caput
534 3351 647 3412 conto
674 3349 794 3411 fixum
817 3347 987 3430 Pyrrhus
1013 3347 1172 3413 circum-

159 3459 264 3524 tulit.
312 3457 368 3520 alii
399 3477 477 3519 uero
511 3454 597 3538 quod
628 3453 719 3517 iuxta
745 3453 861 3517 Hercei
888 3451 975 3516 Iouis
1006 3475 1093 3516 aram
1121 3476 1172 3518 ex-

159 3568 284 3632 tinctus
321 3563 364 3626 sit
402 3562 513 3625 dicunt
673 3562 705 3622 et
741 3558 822 3622 hanc
859 3557 1042 3642 opinionem
1078 3561 1172 3643 plene
