2618 3900
507 125 544 181 M.
565 122 745 182 PACVVIVS
1067 119 1131 192 105

606 295 649 353 IX

119 393 199 460 Non
228 393 318 458 decet
346 395 488 460 animum
512 396 711 484 aegritudine
733 395 769 460 in
791 417 825 462 re
849 417 977 482 crepera
1000 397 1122 462 confici.
1134 415 1184 465 128

112 549 116 560 .
196 506 268 560 Non.
290 512 380 578 13‚,28
401 508 557 577 ‘crepera
575 525 627 562 res
645 508 757 578 proprie
776 507 879 563 dicitur
898 508 985 562 dubia
1000 553 1005 563 .
1018 553 1023 563 .
1035 510 1052 564 .’

196 605 278 658 decet
288 612 351 673 post
360 603 528 676 Scatiyeram
540 609 629 662 suaset
638 607 834 662 Lachmorraae
848 607 926 660 uetet
936 627 970 662 o:
985 624 1024 662 aa
1037 606 1132 662 uolet?

179 674 358 745 aegritudine
377 675 519 732 Mercerae
537 677 744 747 aegritudinem
762 698 783 730 ω

615 809 643 867 X

121 909 242 976 Nonne
262 909 404 973 officium
423 909 539 996 fungar
556 910 661 996 uulgi,
685 915 780 995 atque
799 911 893 997 aegre
911 910 994 976 male
1012 911 1133 975 factum

762 1017 886 1082 feram?

132 1121 137 1132 ’
187 1123 268 1183 Non.
288 1133 354 1195 497,
370 1133 402 1182 16
424 1127 616 1183 ‘accusatiuus
634 1129 742 1198 positus
760 1147 810 1200 pro
831 1130 958 1184 ablatiuo
972 1131 1043 1188 ....’

196 1224 379 1280 malefactum
397 1226 424 1280 L
441 1233 472 1282 at
490 1229 553 1295 oid„
571 1229 611 1282 ed.
627 1245 671 1297 pr.
690 1227 764 1281 male
782 1227 873 1282 fatum
890 1249 912 1297 φ

608 1359 651 1416 XI

122 1458 166 1525 Sr‘
187 1458 342 1544 quiahoc
364 1481 415 1524 me
439 1459 582 1524 orttione
606 1459 730 1545 incsset,
753 1460 830 1544 quid
852 1461 1082 1545 respdndeam?
1137 1480 1187 1528 130

198 1571 271 1625 Non.
292 1578 382 1642 125‚4
403 1572 565 1626 ‘incilare
584 1575 628 1626 est
645 1571 789 1642 increpare
808 1572 854 1626 uel
872 1572 1021 1642 inprobare
1038 1573 1089 1627 ...’

198 1670 258 1725 Arc:
278 1671 332 1724 hac
352 1668 474 1738 siquis?

603 1749 662 1808 XII

121 1849 223 1917 Nunc
245 1873 286 1914 ne
308 1849 404 1942 ¹illum
427 1854 586 1936 expecteS,
610 1851 736 1934 qua‘ndo
760 1851 862 1916 amico
887 1851 1031 1916 amiciter

121 1957 246 2022 Fecisti
317 1979 339 1988 ··

136 2077 139 2086 '
199 2071 272 2124 Non.
293 2075 354 2139 510,
369 2075 402 2124 22
424 2068 597 2124 ‘amiciter
614 2086 665 2140 pro
685 2069 773 2124 amice
788 2070 841 2124 ...’

201 2175 263 2238 leq.
292 2175 324 2222 at
341 2170 510 2236 septenarius
527 2168 666 2223 exhibetur
683 2171 715 2223 irc
738 2169 764 2222 L
840 2173 909 2222 lne
927 2167 1017 2222 hilum
1035 2168 1136 2224 Scrive-

124 2244 190 2298 rius
244 2238 370 2309 quando]
389 2241 443 2306 qua
462 2239 510 2292 Ba

599 2371 672 2430 XHI

126 2528 133 2540 .
156 2527 163 2539 .
184 2473 336 2558 quidnam
359 2477 466 2538 autem
487 2471 549 2536 hoc
572 2473 670 2537 soriti
692 2476 752 2557 est,
775 2471 862 2556 quod
879 2471 1019 2536 striddnt
1037 2471 1137 2536 foris?

137 2635 140 2640 .
200 2585 274 2640 Non.
293 2590 355 2654 491,
371 2590 405 2638 24
425 2583 548 2639 ‘soniti
567 2587 596 2638 et
615 2600 684 2637 sonu
702 2600 753 2653 pro
772 2583 879 2637 sonitus
899 2586 928 2636 et
946 2583 1034 2638 sono?

126 2756 153 2812 J
198 2685 298 2768 'autem
323 2684 373 2736 aut
390 2684 436 2738 Be
522 2680 591 2749 quid
615 2679 737 2734 stridunt
754 2681 873 2736 Bottiae
952 2678 1006 2733 fori
1025 2699 1046 2734 ω
1064 2678 1138 2734 fores

148 2772 237 2810 carrae

600 2831 671 2892 XIV

128 2988 136 3001 .
153 2987 160 2999 .
175 2934 233 3000 ubi
252 2933 320 3000 illic
338 2935 408 2998 est?
426 2955 477 2998 me
494 2934 656 2998 miseram!
676 2934 815 3017 quonam
829 2932 911 2997 clam
926 2955 959 2997 se
974 2931 1139 2997 eliminat?

202 3047 274 3101 Non.
290 3052 333 3116 38,
344 3052 376 3099 31
394 3045 602 3114 ‘eliminare‚
617 3048 697 3100 extra
710 3045 796 3100 limen
810 3045 918 3102 eicere?
943 3045 1022 3100 Idem
1036 3051 1095 3115 292,
1106 3050 1140 3098 25

130 3117 331 3172 ‘eliminare
349 3135 458 3172 rursum
477 3117 643 3200 excludere?

203 3215 252 3269 ille
271 3235 292 3268 ω
312 3233 341 3286 p.
358 3221 409 3270 292
482 3213 615 3284 quoniam
633 3236 654 3268 ω
674 3233 703 3284 p.
720 3219 770 3270 292
844 3214 917 3298 clam
935 3215 976 3286 se]
995 3211 1100 3266 clamor
1118 3232 1139 3264 ω

124 3281 1141 3430 &12⁹²<0ifflrtiimrtt’1assdandamim:qttiiitddt

130 3446 179 3484 me
202 3428 335 3483 miseram
358 3429 462 3482 clamor
485 3426 618 3496 quoniam
641 3425 769 3480 eliminat
791 3429 832 3481 oet
854 3427 985 3482 trochaeis
1007 3424 1056 3477 ribi
1081 3423 1141 3478 illic

130 3503 195 3556 est?
213 3517 257 3554 me
275 3507 325 3555 ml
345 3499 478 3568 quoniam
497 3499 601 3552 clamor
619 3498 683 3552 med
702 3495 849 3551 eliminat?
