2618 3900
500 103 537 158 M.
556 102 736 158 PACVVIVS
1059 103 1119 167 127

110 264 291 320 suetudinem
318 279 378 318 esse
405 280 462 318 non
489 263 723 318 contemnendam
747 262 919 333 magistrum.
956 265 1050 332 Atque
1072 263 1122 318 ille

109 353 167 390 non
190 335 366 390 inmoderate
388 334 540 404 magnoin
560 334 655 388 dolore
675 335 711 405 [8.
732 336 767 406 9].
804 333 907 404 Incipit
925 333 997 392 labi:
1020 334 1121 390 deinde

108 407 177 461 ilioo
206 405 311 460 desinit
339 407 477 478 [10-12].
514 403 637 459 Videsne
665 408 697 460 ut
725 404 896 460 obmutuerit
922 423 979 459 non
1007 407 1121 460 sedatus

109 477 244 548 corporis,
259 477 309 532 sed
323 477 479 546 castigatus
493 476 582 532 enimi
596 476 693 532 dolor?
710 477 810 546 Itaque
823 476 854 530 in
868 476 998 530 extremis
1012 477 1121 546 Niptris

109 549 182 604 alios
201 565 313 618 quoque
332 548 472 618 obiurgat,
490 547 576 616 idque
593 547 715 602 moriens
732 548 801 622 [ΧΓ
831 547 972 602 Charisius
986 566 1013 618 p.
1025 553 1077 602 190
1090 549 1120 603 P.

110 617 571 690 ‘pedetemptim...Tullius
599 618 821 673 Tusculanarum
853 619 987 674 seeundo:
1019 619 1121 690 pede-

107 691 266 761 temptim
285 708 322 744 ae
341 691 462 745 sedato
480 689 577 746 nisu?

182 805 196 852 1
218 815 251 852 ao
267 797 410 853 ΟΙιαιιὲείιιε
423 796 463 850 ite
477 800 506 852 et
521 797 658 852 Ciceronis
672 799 736 854 libri
789 804 805 852 8
825 798 986 870 consuetus]
1001 799 1122 865 defendit

109 870 210 926 UFW
224 869 344 924 Mueller
366 870 475 938 prosod.
496 874 547 923 292
575 871 702 924 missum
725 885 767 936 es,
795 887 959 939 quampiam
980 875 1068 938 potest
1090 871 1122 922 io

108 942 237 998 clausola
259 957 351 996 sersus
373 941 483 995 verbum
504 941 615 1007 finitum
638 947 757 994 secutum
779 955 840 996 esse.
865 941 908 1008 (ef.
933 941 1023 995 eoroll
1046 939 1120 1009 XXI)

108 1010 269 1067 eonsuetu’s
289 1012 403 1079 Wolfias
424 1013 457 1065 ia
479 1013 519 1066 ed.
540 1029 585 1080 pr.
614 1010 756 1065 consueris
780 1012 922 1066 Bentleius
945 1010 1121 1064 consueueris

111 1085 212 1139 ‘codex
229 1083 362 1152 optimas’
382 1083 497 1137 Davisii
550 1087 566 1136 8
590 1081 725 1152 opprimit
747 1083 856 1138 Vossius
879 1082 1028 1152 opprimite
1046 1103 1067 1136 ω

109 1161 126 1208 9
146 1171 192 1208 me
214 1153 348 1208 miserum
366 1155 430 1223 aliq.
452 1155 529 1222 lim,
552 1153 696 1208 Beothius
712 1153 845 1207 miserum
862 1170 906 1207 me
926 1175 947 1222 φ
1021 1159 1054 1207 10
1073 1154 1121 1208 ab·

109 1225 231 1294 seedite‚
250 1224 367 1278 iamiam
384 1225 519 1279 Davisius
1014 1246 1019 1260 ·

537 1403 649 1470 Vlixes

111 1511 274 1597 Gdnqueri
297 1513 461 1578 fortunam
484 1511 664 1597 aduersam,
686 1513 751 1576 n6n
774 1512 945 1578 lamentari
967 1513 1068 1578 deoet:
1177 1535 1181 1544 ¹

107 1619 157 1684 'Id
179 1619 245 1682 uiri
268 1622 316 1683 est
339 1617 498 1704 officium,
520 1618 615 1682 fletus
638 1617 788 1682 muliebri
811 1619 940 1704 ingenio
964 1619 1099 1684 additus.

182 1746 199 1794 2
219 1739 346 1794 additust
364 1739 505 1794 Bentleius
524 1738 638 1792 additur
655 1741 754 1809 maluit
772 1740 834 1794 Boe

592 1872 636 1930 XI

109 1973 319 2038 Barbdrioam
341 1977 464 2058 pestem
487 1973 610 2038 sdbinis
633 1974 753 2038 nostris
776 1975 908 2061 optulit,
1122 1986 1174 2035 270

109 2079 208 2146 Noui
230 2080 335 2166 figura
358 2081 489 2166 fictam,
511 2081 715 2146 commissam
737 2081 872 2168 infabre

181 2200 254 2256 Non.
273 2207 322 2269 40,
337 2206 371 2254 82
396 2201 561 2271 ‘infabre,
585 2201 679 2271 foede,
703 2206 735 2258 ut
753 2205 797 2257 est
815 2203 921 2258 affabre
939 2205 1063 2274 pulehre.
1091 2207 1120 2260 P.

109 2273 230 2344 Niptra.
243 2317 248 2326 .
260 2273 278 2327 .'
298 2272 446 2342 Ioannis,
458 2278 491 2326 20
507 2273 749 2342 ‘committere‚
763 2274 896 2344 effigiare.
911 2277 940 2330 P.
954 2275 1072 2346 Niptra.
1085 2323 1089 2332 .
1102 2279 1119 2332 .’

183 2379 335 2448 ipristem
351 2380 530 2450 Quieleratas
584 2379 691 2434 subinis
709 2383 818 2450 scripsi:
838 2383 871 2450 ef.
885 2383 972 2437 Pauli
986 2383 1083 2438 Festus
1097 2401 1120 2438 o.
1212 2374 1216 2382 ’

111 2450 242 2520 sybinam
256 2467 286 2519 p.
302 2455 353 2504 336
364 2452 406 2504 M.
440 2450 554 2504 sabinus
569 2473 590 2505 ω
601 2470 630 2520 p.
644 2457 695 2504 248
709 2451 830 2505 nauibus
844 2473 866 2506 ω
876 2471 905 2522 p.
916 2459 950 2506 40
1006 2453 1121 2525 optulit]

111 2525 210 2591 optum
228 2521 254 2575 L
273 2520 357 2590 p140
429 2527 444 2575 2
467 2539 571 2576 nouam
593 2521 683 2591 figura
705 2522 795 2576 fatam
818 2523 879 2578 BG
898 2541 927 2592 p.
944 2529 995 2577 248
1018 2541 1122 2578 nouam

110 2593 230 2662 figuram
248 2591 354 2646 foetam
372 2613 394 2662 φ
412 2595 511 2648 ibidem
701 2590 704 2595 ’

181 2697 234 2752 His
263 2698 394 2753 addenda
420 2698 552 2754 videntur
577 2699 630 2754 inc.
654 2699 711 2754 lab.
735 2699 857 2754 XXXIX.
881 2699 928 2754 XL
952 2703 981 2754 et
1002 2700 1121 2755 fortasse

110 2771 165 2826 ino.
185 2769 239 2824 ine.
258 2769 316 2824 fab.
334 2770 378 2825 LI,
396 2770 452 2824 Lll.
471 2770 540 2826 LHI.
957 2815 959 2821 ,

509 2921 722 2980 PENTHEVS

150 3035 156 3062 ''
183 3037 332 3104 ¹Servius
359 3039 395 3128 in
416 3038 496 3104 Aen.
514 3039 562 3106 lV
580 3042 645 3106 469
676 3039 853 3106 ‘Pentheus
881 3045 988 3106 autem
1013 3063 1121 3106 seeun-

111 3147 188 3212 dum
216 3146 415 3233 trogoediam
441 3145 576 3212 Pacuuii
603 3149 706 3226 furuit
733 3149 829 3212 etiam
857 3149 946 3233 ipse?
993 3146 1121 3212 Servius

109 3253 191 3318 Dan.
212 3251 391 3318 ‘Pentheus
414 3257 521 3318 autem
544 3255 682 3319 fiuuisse
705 3255 844 3318 traditur
866 3255 1039 3319 seeundum
1060 3258 1122 3318 tra

109 3360 259 3448 goediam
282 3357 425 3424 Pacuuii.
467 3357 510 3424 'de
533 3383 597 3445 quo
621 3360 731 3424 fabula
753 3361 827 3425 telis
851 3365 906 3426 est.
951 3359 1123 3445 Pentheus,

110 3467 270 3532 Echionis
306 3471 338 3530 et
374 3465 503 3552 Agaues
538 3467 638 3554 filius,
680 3467 905 3532 Thebanorum
941 3489 1011 3554 rex,
1050 3490 1123 3532 oum
