2590 3890
533 129 565 194 Q.
583 129 719 185 ENNIVS
1090 131 1131 195 61

588 297 664 356 VHI

118 399 181 465 'Ibi
204 403 277 464 tum
301 397 469 484 derepente
493 421 532 464 ex
555 398 621 463 alto
644 399 679 463 in
701 399 804 464 iltum
827 398 972 485 despexit
993 423 1089 466 mare.

192 521 267 576 Non.
282 524 370 590 518,5
391 520 593 590 ‘derepente
609 521 662 576 ...’

193 628 225 682 in
244 627 349 682 salsum
367 645 388 683 or

124 807 130 818 ι
193 733 483 860 fflfladffissffmm
496 733 550 788 ine.
565 750 638 789 nom.
653 733 743 788 XXVI
757 733 810 788 ino.
825 696 879 788 ino.
894 733 951 788 fab.
967 732 1065 789 CXVII
1079 733 1133 789 ino.

121 823 177 862 mo.
196 823 236 876 pa
261 824 312 861 .v.
369 849 374 860 .

548 901 712 961 TELAMO

620 1018 636 1076 Ι

564 1117 695 1184 Telamo

123 1226 207 1313 'Ego
232 1225 326 1290 deum
349 1247 451 1312 genus
474 1227 541 1290 esse
564 1247 689 1310 semper
713 1225 780 1290 dixi
803 1230 835 1290 et
856 1227 959 1290 dioam
977 1226 1136 1311 oae‘litum,

125 1332 190 1398 sed
208 1353 264 1396 eos
280 1354 347 1396 non
365 1333 476 1396 curare
495 1332 618 1416 opinor,
637 1330 716 1416 quid
735 1336 810 1418 agat
823 1332 1000 1397 humanum
1014 1347 1189 1418 genus:270

123 1439 211 1526 Nem
230 1439 258 1504 si
277 1443 402 1523 curent,
425 1439 506 1504 bene
524 1438 618 1504 bonis
636 1439 693 1524 sit,
715 1439 798 1504 male
816 1439 923 1520 malis,
947 1439 1034 1523 quod
1050 1443 1136 1504 nune

764 1545 863 1612 abest.

198 1657 296 1713 Cicero
320 1658 355 1712 de
379 1658 435 1714 div.
454 1659 613 1726 1150,1o4
639 1659 687 1713 ‘an
705 1661 802 1714 noster
819 1657 944 1714 Ennius?
967 1657 1016 1726 qui
1033 1673 1136 1728 magno

125 1729 229 1800 plausu
256 1729 383 1798 loquitur
410 1729 582 1784 assentiente
608 1729 713 1810 populo
741 1731 778 1801 [1.
803 1735 840 1784 2.
884 1729 921 1783 Et
947 1727 1061 1798 quidem
1089 1745 1138 1782 our

127 1800 169 1854 sio
192 1799 336 1870 opinetur,
363 1801 503 1856 rationem
525 1800 637 1854 subie1t.
675 1801 730 1855 Sed
752 1799 811 1854 ni'
848 1803 892 1854 est
913 1815 1026 1855 necesse
1045 1799 1138 1854 dicere

126 1888 202 1941 quae
225 1873 370 1927 secuntur:
394 1875 507 1926 tantum
530 1874 576 1926 sat
596 1874 640 1926 est
657 1871 799 1953 intellegi,
822 1871 853 1925 id
872 1887 980 1926 sumere
998 1871 1068 1926 istos
1086 1889 1137 1942 pro

126 1946 214 2011 certo,
233 1943 311 2011 quod
329 1943 446 1996 dubium
465 1945 730 2011 controuersumque
749 1943 806 1996 ut'
835 1943 913 1998 Idem
931 1943 966 1998 de
984 1945 1042 1998 nat.
1062 1943 1138 1998 deor.

126 2015 167 2068 ΙΠ
185 2019 233 2083 32,
249 2019 283 2068 79
309 2013 461 2068 ‘Telamo
485 2017 580 2069 autem
602 2031 658 2068 uno
682 2031 766 2068 uersu
787 2015 880 2068 totum
901 2014 995 2068 locum
1018 2013 1137 2083 oonfioit,

127 2103 178 2168 our
201 2085 231 2138 di
254 2084 382 2140 homines
398 2086 578 2156 neglegant[
595 2087 627 2158 ].'
665 2085 743 2140 Idem
762 2085 797 2140 de
816 2085 1138 2157 div.lss,1ar(ef.11)

617 2219 649 2277 H

128 2319 193 2386 sed
216 2319 432 2404 superstitiosi
454 2323 544 2384 uates
566 2283 821 2406 impudentesque
843 2321 950 2404 arioli,

20 2441 23 2448 ⁴
127 2425 197 2492 Aut
219 2427 340 2491 inertes
362 2430 419 2491 sut
440 2426 546 2491 insani
568 2431 624 2490 aut
648 2427 766 2511 quibus
789 2430 913 2513 egestas
935 2425 1086 2510 imperat,

128 2533 196 2612 Qui
216 2533 280 2598 sibi
303 2533 451 2598 semittm
472 2555 538 2598 non
561 2533 699 2618 sapiunt,
722 2533 816 2597 alteri
838 2533 1020 2597 monstrant
1037 2532 1138 2616 uiam,

129 2638 256 2718 Quibus
271 2639 400 2705 diuitias
413 2640 616 2725 pollicentur,
629 2640 670 2704 sb
685 2641 730 2704 eis
743 2639 926 2703 draoumam
935 2637 1129 2723 ipsipetunt.
1140 2655 1191 2704 275

130 2746 194 2832 [De
208 2745 260 2812 his
275 2747 398 2812 diuitiis
411 2747 475 2812 sssri
489 2747 646 2812 deducant
661 2747 852 2831 diaeumam,
866 2746 1000 2811 reddant
1011 2747 1138 2828 uetera]

202 2868 298 2924 Cicero
318 2869 353 2922 de
372 2869 427 2923 div.
442 2869 455 2924 I
469 2874 512 2938 58,
528 2874 579 2923 132
601 2869 685 2922 ‘nune
703 2867 755 2922 illa
772 2867 907 2938 testabor,
926 2884 983 2922 uon
998 2885 1043 2922 me
1058 2867 1140 2922 sorti·

129 2940 209 3010 leges
228 2956 320 3008 neque
339 2956 398 3009 eos,
420 2939 469 3008 qui
488 2941 621 3008 quaestus
640 2957 727 2994 eausa
744 2939 899 2995 ariolentur
913 2982 919 2995 .
935 2982 942 2996 .
958 2983 964 2994 .
979 2955 1138 3010 agnoscere.

129 3012 195 3065 Non
226 3011 319 3065 habeo
350 3010 470 3079 denique
497 3011 582 3066 nauci
608 3011 733 3066 Marsum
761 3027 907 3081 augurem,
939 3027 996 3065 non
1023 3011 1138 3065 uioanos

131 3081 287 3152 aruspices,
314 3099 372 3136 non
398 3082 432 3136 de
456 3081 529 3136 oireo
553 3083 723 3154 astrologos,
751 3100 809 3137 non
830 3081 935 3136 Isiacos
958 3081 1138 3149 coniectores,

130 3171 187 3207 non
214 3153 382 3223 interpretes
406 3153 584 3210 somniorum.
622 3156 686 3210 Non
709 3154 784 3210 enim
807 3156 873 3208 sunt
894 3153 925 3207 hi
948 3156 998 3208 aut
1021 3152 1140 3206 seientia

131 3227 182 3278 aut
210 3227 270 3278 arte
299 3223 401 3294 diuini,
430 3225 489 3279 sed
517 3225 774 3296 superstitiosi'
794 3241 817 3279 e.
837 3243 863 3293 q.
883 3242 904 3279 s.
943 3225 1046 3292 ‘Atque
1070 3223 1140 3278 haee

131 3294 247 3363 quidem
264 3295 384 3364 Ennius,
407 3295 457 3364 qui
478 3296 577 3366 paucis
601 3299 667 3352 ante
689 3295 817 3350 uersibus
842 3311 915 3350 esse
937 3296 1017 3348 deos
1037 3298 1139 3365 censet,

132 3366 191 3419 sed
219 3383 275 3422 eos
303 3383 369 3420 non
397 3384 516 3421 curare
545 3367 720 3438 opinatur,
748 3365 831 3434 quid
856 3367 938 3434 agat
960 3365 1141 3420 humanum

132 3439 259 3505 genus’
295 3437 439 3492 Ennianos
458 3455 554 3492 versus
574 3440 685 3492 demum
704 3455 721 3491 a
740 3435 833 3491 verbis
855 3436 916 3489 ‘sed
934 3435 1138 3505 superstitiosi’

131 3507 256 3578 incipere
273 3507 415 3564 intellexit
432 3509 560 3564 Bothius.
