2630 3886
454 953 537 1038 ΟΝ.
570 951 820 1040 Nluvlvs

515 1125 760 1187 OLASTIDIVM

179 1335 356 1400 uitulantss
632 1252 649 1310 I

206 1457 295 1510 Varro
315 1456 350 1511 ds
368 1456 387 1511 l.
401 1456 419 1512 l.
434 1457 486 1512 VH
502 1462 552 1512 107
566 1457 604 1512 Μ.
625 1457 726 1511 ‘multa
745 1457 820 1527 apud
837 1458 936 1526 poetas
954 1455 1064 1526 reliqua
1082 1473 1142 1512 osso

136 1527 235 1596 sorba,
263 1545 382 1596 quorum
409 1527 530 1598 origines
557 1527 668 1598 possint
694 1527 764 1598 dioi,
791 1545 848 1583 non
872 1527 984 1598 dubito,
1012 1531 1045 1582 ut
1067 1529 1143 1598 apud

136 1597 276 1654 Naeuium
297 1598 328 1652 in
350 1598 555 1654 Aesiona..in
578 1598 728 1656 Clastidio:
755 1598 965 1668 uitulantes‚
988 1598 1141 1654 avitus)

135 1669 177 1724 Of.
196 1670 284 1725 Naev.
304 1676 338 1725 32
356 1670 426 1724 Enn.
441 1676 501 1725 339.

627 1769 658 1828 II

137 1867 215 1932 Vita
237 1867 399 1954 insepulta
420 1871 524 1936 ladtus
546 1871 581 1935 in
602 1869 743 1955 patriam
765 1869 866 1934 redux

206 1987 296 2043 Varro
315 1989 350 2044 do
367 1990 386 2045 l.
405 1991 424 2046 l.
437 1992 477 2045 IX
491 1997 524 2046 78
544 1992 627 2046 ‘nam
640 1993 673 2046 ut
686 1989 768 2061 signa
781 2005 854 2059 quao
867 2005 924 2044 non
937 1989 1044 2045 habent
1057 1993 1145 2060 caput

137 2059 187 2112 aut
210 2057 297 2112 aliam
319 2060 445 2129 aliquam
464 2065 587 2132 partem,
609 2062 700 2116 nihilo
718 2061 810 2116 minus
829 2061 860 2114 in
876 2059 993 2130 reliquis
1011 2061 1143 2116 membris

137 2133 234 2183 o‘orum
252 2146 313 2184 esse
326 2135 445 2200 possunt
458 2133 542 2187 analo
564 2133 620 2189 ‘aaz
640 2133 680 2188 sio
693 2133 724 2186 in
738 2132 884 2188 uocabulis
899 2149 1014 2186 ossuum
1026 2135 1145 2202 possunt

135 2199 206 2254 item
227 2200 288 2254 fieri
311 2218 344 2255 ao
366 2203 463 2272 reponi
487 2221 542 2272 quo
580 2205 684 2273 aberit,
703 2203 753 2258 ubi
770 2203 895 2273 patietur
912 2206 1014 2258 natura
1032 2206 1062 2258 et
1079 2220 1144 2258 oon-

135 2271 264 2342 suetudo,
282 2273 359 2341 quod
375 2289 585 2342 nonnumquam
603 2277 679 2344 apud
691 2277 792 2344 poetas
805 2273 963 2329 inuenimus
977 2275 1092 2344 fastum,
1112 2278 1144 2329 ut

135 2342 166 2396 in
183 2343 237 2398 hoo
256 2344 332 2414 apud
351 2343 491 2399 Naeuium
509 2345 540 2399 in
559 2345 696 2401 Clastidio
711 2389 717 2402 .
730 2389 735 2400 .
748 2346 765 2400 .'

548 2513 736 2573 ROMVLVS

207 2629 347 2685 Romus.
366 2631 462 2684 Lvnvs.
490 2629 568 2684 Duas
585 2629 698 2684 fabulas
715 2628 802 2684 fuisso
819 2629 938 2699 probaro
951 2632 1070 2684 conatus
1084 2647 1146 2683 sum

136 2717 168 2753 ιιι
185 2699 251 2754 hist.
270 2703 342 2770 trag.
358 2707 392 2756 63
403 2719 463 2770 sqq.
499 2701 627 2756 Donatus
650 2701 680 2754 in
698 2701 760 2756 Tor.
779 2700 898 2771 Adelph.
917 2701 956 2756 IV
970 2706 999 2770 1,
1014 2707 1046 2755 21
1068 2701 1146 2756 ‘nam

137 2770 241 2824 falsum
259 2774 310 2840 est,
331 2773 407 2841 quod
424 2771 539 2843 dicitur,
558 2771 743 2826 interuenisse
761 2771 858 2853 lupam
876 2771 1076 2826 Naeuianus
1094 2771 1145 2826 fa-

137 2841 240 2896 bulae
264 2841 445 2899 alimonio’
466 2843 518 2914 (sio
536 2844 579 2899 ed.
598 2861 640 2913 pr.
659 2843 848 2898 alimomas
866 2843 963 2914 vulgo)
983 2842 1098 2898 ‘Romi
1117 2845 1146 2897 et

136 2912 285 2982 Romuli,
305 2914 372 2969 dum
389 2915 420 2968 in
438 2915 551 2970 theatro
570 2915 720 2984 ageretur)

181 3188 272 3230 08808

207 3287 297 3344 Varro
316 3288 351 3342 do
364 3287 383 3342 l.
398 3287 416 3344 l.
431 3289 532 3344 V1154
545 3290 582 3344 M.
603 3291 708 3344 ‘carere
727 3305 745 3342 a
762 3288 892 3355 carendo,
910 3287 987 3356 quod
1005 3288 1147 3368 eamtum

136 3362 322 3485 adsuta
337 3359 1147 3498 tollant&laudandum

137 3501 182 3552 ost
199 3499 278 3556 lana:
298 3519 370 3570 quae
388 3475 419 3557 id
436 3504 556 3559 Romulo
570 3505 696 3561 Naeuius
715 3449 842 3575 spinellat
859 3517 973 3570 casos,
993 3501 1030 3555 ab
1045 3499 1144 3557 Osois’

192 3598 271 3641 Senon.
285 3613 346 3650 poss.
360 3604 424 3645 Rom.
438 3605 519 3658 fragm.
533 3606 568 3648 od.
582 3606 697 3648 Rmnnou.
737 3629 739 3634 ·
953 3597 985 3644 21
