2618 3900
546 171 582 226 M.
602 171 782 226 PACVVIVS
1105 171 1165 235 151

153 332 310 386 Medeam
337 331 517 384 aduectam
544 347 603 400 per
631 330 767 384 cerain
790 331 894 384 raeda
917 331 1113 400 anguibus,'
1138 331 1168 385 in

152 403 259 472 quibus
278 403 364 456 verba
384 403 448 472 ‘per
466 405 532 456 a'e'ra
550 401 581 455 in
598 420 620 456 r.
640 403 677 456 a.’
702 401 855 456 iambicum
873 418 1019 456 numerum
1036 403 1166 471 produnt.

154 473 214 528 Vix
227 473 345 528 dubium
358 473 426 542 quin
440 475 477 527 ad
492 473 605 527 Medum
618 473 671 527 hoc
685 473 718 526 fr.
733 474 921 527 revocandum
935 472 984 541 sit;
1000 490 1034 527 ac
1048 473 1168 528 fortasse

154 545 265 599 eodem*
276 544 419 614 pertinent
436 544 469 598 fr.
489 544 617 598 XXXVII
635 547 664 598 et
682 544 830 598 XXXVIII.

593 694 734 753 XXXVII

155 850 163 862 .
192 849 198 861 .
223 850 229 862 .
251 796 377 861 uolucri
400 796 501 859 eunii
523 817 581 859 axe
605 795 790 882 quadriuga.
1169 779 1221 826 398

230 917 353 971 Isidorus
372 915 460 971 differ.
476 922 509 970 47
535 915 710 970 ‘uolucres
734 919 830 970 autem
847 933 904 971 non
923 915 1014 970 solum
1032 933 1099 970 aues
1118 867 1220 971 uo-399

153 1006 264 1055 camus,
283 989 332 1042 sed
346 987 541 1057 quadrupedes
555 986 643 1040 nimia
656 987 824 1056 pernicitate
839 991 989 1055 currentes,
1009 989 1058 1042 sed
1072 991 1168 1042 tamen

154 1078 224 1115 cum
242 1059 412 1128 adiectione,
431 1062 551 1128 utputa
569 1058 712 1112 uolucrem
731 1075 846 1126 equum,
866 1059 1008 1114 uolucrem
1026 1059 1167 1129 tigridem.

154 1133 199 1186 Vt
217 1133 260 1184 est
277 1131 349 1184 illud
367 1130 487 1185 Pacuui:
507 1129 630 1184 uolucri’
652 1147 674 1183 e.
695 1147 721 1198 q.
741 1147 761 1184 s.

231 1237 331 1291 Medea
349 1254 454 1291 uersum
472 1238 579 1306 supleat
632 1235 801 1304 quadriiuga
819 1239 929 1306 scripsi:
948 1239 983 1305 cs.
1003 1237 1080 1293 Eae.
1095 1255 1119 1293 v.
1134 1243 1168 1291 92

153 1311 250 1364 coroll.
269 1316 338 1379 trop.
358 1307 472 1361 XLVIII
489 1325 553 1362 eoru.
574 1306 684 1361 CXXIII
703 1306 841 1376 quadriga
860 1330 881 1362 ω

585 1456 741 1514 XXXVIII

153 1559 339 1625 Paussslum
362 1559 491 1643 repeda,
513 1559 623 1645 gnate,
646 1580 665 1620 a
687 1557 849 1622 uestibulo
872 1558 1015 1644 gradum.
1170 1579 1223 1626 400

153 1753 167 1806 l
225 1657 329 1778 'Festus
347 1697 374 1749 p.
390 1686 440 1734 281
455 1680 492 1734 M.
532 1678 886 1748 ‘repedare,recedere.⁸
915 1679 1076 1736 Pacuius:
1100 1698 1170 1750 pau·

168 1770 219 1805 um
254 1768 278 1804 e.
298 1769 323 1819 q.
344 1769 365 1806 s.
459 1777 462 1782 ¹

229 1857 386 1927 pauxillum
408 1858 437 1913 0.
455 1857 607 1913 Muellerus
624 1857 741 1926 paulum
759 1859 815 1912 cod.
870 1858 974 1927 repeda
994 1858 1110 1914 Vrsinus
1127 1876 1169 1914 re·
1207 1915 1210 1920 ,

156 1929 231 1984 cede
249 1931 306 1984 cod.
601 2006 727 2065 XXXIX

156 2110 249 2188 Quae
272 2114 380 2174 merim
403 2108 535 2172 uenenis
558 2108 649 2171 flexit
671 2108 795 2172 socium
818 2110 956 2191 pectora.

231 2230 343 2286 Servius
357 2230 427 2283 Dan.
446 2228 476 2282 in
490 2229 557 2282 Aen.
575 2229 647 2282 V28
669 2229 789 2284 ‘flecte
809 2231 904 2284 autem
923 2230 1064 2300 significat
1081 2236 1168 2303 muta,

154 2303 312 2358 Pacuuius:
346 2303 432 2369 quae’
464 2316 486 2353 e.
506 2317 573 2368 (με,
615 2300 700 2354 Recte
728 2300 847 2355 Bothius
876 2300 967 2355 Circes
999 2320 1108 2358 venena
1140 2304 1170 2358 iu

156 2373 270 2444 Niptris
288 2374 444 2426 memorata
462 2369 611 2425 intellexit.

639 2486 691 2543 XL

746 2571 881 2634 eundem
903 2570 994 2634 fssios

158 2657 438 2762 Sibi'prdcreasse
461 2678 519 2760 per
544 2674 746 2760 Calipsonem
770 2681 946 2741 autumant.

231 2798 391 2853 Priscianus
409 2816 436 2867 p.
456 2803 507 2852 685
526 2799 556 2852 P.
596 2796 641 2850 ‘iu
664 2815 680 2851 0
700 2798 867 2867 productam
886 2798 1045 2852 desinentia
1064 2798 1171 2854 Graeca

157 2874 227 2926 sunt
251 2868 388 2924 feminina
411 2871 440 2922 et
462 2869 509 2922 uel
532 2868 636 2922 Graece
660 2868 906 2925 declinantur...
926 2869 972 2924 uel
996 2869 1095 2924 addita
1116 2870 1169 2924 nis

155 2942 271 2997 faciunt
292 2939 467 3010 genetiuum‚
490 2942 523 2993 ut
544 2939 618 2994 Dido
636 2939 762 2994 Didonis.
800 2940 901 2994 Accius
921 2943 997 3012 [386]
1016 2941 1169 2998 Pacuuius:

156 3013 249 3068 filios’
270 3029 293 3066 e.
309 3029 335 3079 q.
351 3029 371 3064 s.
399 3011 485 3092 paulo
503 3009 589 3065 infra:
611 3011 697 3079 ‘quod
716 3015 810 3066 autem
828 3011 903 3066 lonis
922 3015 951 3066 et
965 3011 1169 3082 Calypsonis

157 3089 190 3140 et
212 3081 331 3138 Didonis
357 3081 472 3149 dicmur,
501 3081 624 3136 ostendit
649 3083 702 3136 hoc
725 3082 813 3136 etiam
836 3081 987 3137 Caesellius
1006 3084 1118 3138 Vindex
1140 3084 1170 3138 in

157 3157 314 3211 stromateo
333 3152 377 3207 his
396 3153 502 3208 uerbis:
522 3152 754 3222 Calypsonem.
782 3154 825 3208 ita
843 3151 1015 3208 declinatum
1033 3159 1076 3208 est
1095 3157 1171 3225 apud

158 3227 303 3296 antiquos.
339 3223 437 3277 Liuius
458 3267 507 3278 ...
527 3223 654 3278 Ennius.
672 3269 677 3278 .
694 3268 699 3279 .
714 3224 836 3278 Accius.’
879 3225 1021 3280 Charisius
1044 3245 1071 3296 p.
1090 3233 1123 3281 47
1139 3229 1169 3282 P.

159 3299 228 3352 ‘sed
260 3295 361 3350 melius
390 3297 464 3349 esset
491 3295 644 3348 secundum
670 3295 802 3349 Latinam
829 3295 1061 3350 consuetudinem
1087 3298 1170 3352 huius

157 3367 328 3441 Sapphonis‚
348 3366 465 3420 Didonis
485 3365 584 3420 dicere.
622 3366 695 3419 Nam
714 3369 742 3420 et
760 3367 898 3421 Pacuuius
918 3367 958 3421 sic
977 3367 1101 3424 declinat
1116 3414 1121 3424 .
1134 3413 1139 3427 .
1152 3372 1169 3424 .'

155 3439 270 3511 Niptris
289 3437 415 3492 reddidit
432 3436 535 3492 Delrio.

233 3552 301 3616 req.
329 3543 402 3598 suos
430 3543 485 3597 sei
512 3559 672 3613 procreasse
700 3545 820 3598 eundem
848 3533 989 3601 aeacus
1016 3545 1088 3601 finos
1116 3547 1172 3602 sier
