2630 3886
562 171 591 224 L.
611 170 739 225 Aousvs

606 340 691 397 XXII

137 441 290 506 Percide
311 441 435 525 polum,
458 439 624 524 splendido
647 440 759 504 mundi

141 547 258 612 Sidera
280 547 366 611 binis
388 545 549 610 continuis
571 567 627 610 sex
1117 605 1122 616 ,

138 653 232 718 Picti
252 653 372 737 spoliis.
450 699 456 712 „
1157 673 1208 722 680

216 783 304 838 Vcrro
329 784 363 836 dc
387 783 404 836 l.
429 783 446 836 l.
466 783 619 838 V1114M.
659 783 746 851 ‘quod
774 785 817 836 est
840 783 915 852 opud
938 782 1066 839 Accium:
1093 801 1155 853 per-

140 854 234 908 unde’
256 871 278 908 e.
298 872 324 922 q.
345 873 364 907 s.
404 853 517 922 ‘polus
541 853 692 922 Graecum,
721 853 751 906 id
779 853 920 924 significat
944 853 1047 908 circum
1070 855 1154 922 caeli3

143 942 233 995 quere
257 925 333 994 quod
356 927 399 978 cst
424 925 574 994 perucde
596 925 723 994 polum,
747 924 836 980 uolet:
863 925 936 979 unde
960 926 1022 994 περὶ
1046 924 1153 981 πόλον)

141 998 223 1067 (‘per
244 995 355 1065 polum’
375 995 570 1048 Lachmannus
590 995 669 1050 Lucr.
684 997 729 1065 43)
768 995 883 1065 ‘Signo
907 996 1039 1050 dicuntur
1057 998 1155 1051 ecdem

141 1071 174 1122 et
195 1067 322 1122 sidera:
347 1066 428 1136 signe
451 1067 526 1134 quod
546 1065 653 1138 aliquid
673 1065 844 1136 significent,
863 1070 895 1121 ut
913 1067 987 1121 libre
1006 1068 1154 1138 aequinoc-

144 1139 233 1206 tium3
263 1137 356 1192 sidera
383 1137 480 1206 quesi’
509 1141 605 1206 (quae
634 1137 663 1190 si
690 1137 756 1190 libri
783 1138 909 1207 plerique
938 1156 1023 1206 quae
1045 1141 1107 1194 Par.
1125 1140 1155 1209 b)

145 1209 310 1263 ‘insidunt’
348 1208 544 1262 Prometheum
567 1209 637 1262 haec
661 1224 761 1262 canere
782 1209 908 1278 potuisse
931 1210 1041 1279 monui,
1069 1214 1097 1264 et
1120 1211 1155 1264 de

139 1279 242 1336 eodem
260 1279 337 1334 valet
356 1295 474 1348 sequens
493 1279 525 1334 fr.

217 1395 325 1449 2binis
345 1395 449 1464 Popmc
468 1393 544 1464 bigis
563 1416 584 1448 ω
604 1397 648 1463 (of.
669 1395 758 1449 coroll.
773 1394 857 1464 LXII)
930 1401 992 1465 top.
1015 1396 1155 1450 continuis

139 1484 193 1522 sex
215 1465 288 1520 Picti
316 1465 412 1535 spoliis
440 1467 538 1534 scrc‘psc'
565 1465 692 1519 continui
715 1466 744 1519 se
768 1465 843 1534 cepit
865 1465 964 1534 spoliis
989 1467 1066 1521 Flor.
1090 1483 1155 1521 oon-

140 1537 232 1593 tinuis
260 1553 309 1591 sex
336 1536 397 1606 epti
425 1535 512 1605 signis
539 1536 661 1607 Scalipcr
689 1535 828 1590 continuis
857 1553 905 1590 sex
932 1536 1039 1590 Addita
1066 1537 1154 1607 signis

143 1611 174 1667 0.
197 1609 349 1664 Moerum·
372 1609 444 1662 cont.
469 1625 489 1661 s.
514 1606 605 1676 saepti
629 1625 669 1676 sp.
689 1609 754 1663 olim
772 1609 915 1662 edideram.
956 1608 996 1675 Of.
1023 1610 1154 1664 Vari-cois

135 1689 191 1737 sat.
210 1682 246 1748 fr.
268 1685 301 1732 92
317 1680 367 1746 B.;
391 1679 490 1734 Seneca
511 1679 579 1749 Toy.
599 1697 622 1732 o.
645 1684 696 1732 836

599 1863 701 1922 XXIII

139 2028 147 2042 .
188 1975 291 2038 multa
315 1974 447 2037 inuenta
470 1975 663 2057 expertaque
687 1996 725 2038 ex
748 1973 810 2039 hoo
832 1979 907 2038 sunt
930 1974 1022 2040 bone.

213 2103 374 2157 Priscianus
392 2121 418 2172 p.
436 2107 486 2156 793
500 2103 530 2156 P.
560 2103 718 2177 ‘experte
735 2104 868 2173 passius?

216 2220 329 2274 Prcec're
355 2235 440 2286 quam
461 2219 503 2272 cel
524 2221 584 2272 tam
606 2221 647 2274 ccl
669 2237 736 2274 nom
750 2227 858 2289 poterat
929 2219 1046 2275 inuenta
1064 2221 1154 2275 multu

139 2292 262 2346 Bothios

599 2368 698 2426 XXIV

138 2479 290 2564 Repudio
314 2479 414 2544 eiecto
437 2478 477 2542 ob
500 2475 607 2564 'Argis
631 2479 695 2542 iem
719 2478 838 2541 dudum
861 2479 981 2542 exsulo.

215 2609 314 2663 Festus
331 2627 359 2678 p,
375 2615 425 2662 281
440 2609 477 2662 M.
513 2607 706 2676 ‘repudium
728 2606 841 2661 Verrius
865 2607 908 2661 eit
931 2607 1050 2674 dictum,
1076 2609 1151 2676 quod

138 2683 174 2735 fit
195 2679 230 2736 ob
248 2697 307 2734 rem
324 2679 505 2749 pudendum!
543 2679 587 2731 Ad
605 2677 681 2732 Ionis
699 2677 826 2732 fabulam
843 2678 949 2733 rettuli.

606 2865 690 2923 XXV

137 2976 278 3043 Nullum
302 2978 351 3039 est
373 2975 538 3060 ingenium
561 2975 688 3038 trintum
710 2997 814 3060 neque
837 2997 892 3040 cor
914 2976 981 3040 tim
1004 2976 1117 3062 ferum,

140 3083 237 3160 Quod
259 3083 325 3146 11611
348 3081 490 3144 labascat
511 3079 637 3166 lingua,
660 3082 801 3146 mitisosit
823 3082 917 3146 malo.

214 3211 286 3266 Non.
306 3217 371 3278 473,
387 3217 402 3265 6
428 3209 604 3265 ‘lebescor
622 3229 672 3281 pro
691 3212 791 3266 labor?
829 3212 914 3266 Posse
934 3213 968 3266 de
986 3213 1152 3269 Prometheo

135 3282 271 3354 intellegi
289 3281 394 3336 monui.

215 3405 229 3452 1
249 3397 359 3452 nullum
377 3397 493 3451 BoHL
509 3412 566 3450 non
584 3397 693 3450 nullum
712 3419 733 3467 φ
798 3400 910 3452 tuntum
928 3399 955 3452 L
973 3417 987 3453 e
1005 3417 1072 3455 corr.
1092 3403 1152 3456 tom

138 3475 237 3526 atrum
253 3487 274 3525 ro
292 3472 352 3522 tom
371 3467 461 3522 cltum
475 3471 609 3537 proposui
675 3475 691 3522 2
710 3468 821 3540 lingua]
838 3468 922 3538 longo
942 3487 975 3523 eo
997 3471 1099 3526 Ocions

135 3541 272 3597 labascet
291 3539 443 3596 Scriverius
461 3537 589 3594 labescat
607 3540 653 3594 Bc
672 3539 834 3594 lebascotur
852 3561 874 3609 φ

939 3631 991 3682 17*
