2624 3888
148 164 214 228 220
562 165 592 220 L.
612 163 738 220 Aoorvs

610 334 696 392 XVII

191 432 272 497 Fors
295 433 491 520 dominatur,
513 457 616 519 neque
638 435 708 498 usta
729 433 789 497 ulli

191 539 326 624 Propria
348 541 383 604 1'n
405 541 474 616 uita
496 545 553 606 est.

218 661 290 715 Non.
309 667 374 730 362,
390 668 407 714 4
431 661 620 732 ‘proprium
642 679 752 715 rursum
773 659 915 730 signifieat
932 662 1159 728 perpetuum...

148 732 248 785 Aeoius
262 733 410 786 Arunorurn
423 733 528 787 iudicio
544 777 584 788 ...
600 733 676 787 idem
689 732 789 786 Medea
804 732 857 786 ...’
887 730 927 785 cf.
941 730 1065 784 Lucilius
1080 731 1159 800 apud

147 803 271 928 llllgrrrtiaulrp
280 809 397 928 &333
411 810 457 860 15:
487 806 561 858 ‘eum
589 804 677 858 sciam
699 803 772 856 nihil
789 805 856 918 ’esse
879 801 909 855 in
930 801 991 855 viia
1012 801 1159 871 proprium

220 987 282 1050 lsq.
310 981 482 1049 Auupuestos
504 983 616 1052 upuouit
633 983 751 1036 Bothius
823 979 867 1033 uis
885 999 906 1035 a
970 978 1015 1032 illi
1033 980 1107 1034 BW
1125 983 1161 1033 ut

147 1051 192 1104 illi
211 1052 251 1104 L¹
317 1067 408 1118 neque
426 1051 577 1120 qnisquam
594 1070 621 1106 u.
639 1055 643 1122 Ι
658 1051 801 1120 proprium
819 1053 983 1106 oour'ooeraru
1000 1052 1045 1119 (ef.
1064 1052 1157 1105 coroll.

147 1121 235 1175 LVIII
253 1129 278 1177 et
295 1123 402 1176 quilii
420 1124 437 1177 l.
457 1125 498 1193 i),
521 1125 568 1178 sed
585 1125 754 1192 dubitanter,
776 1140 851 1177 uuue
869 1123 1034 1194 arputioreru
1051 1129 1158 1176 seuseu-

126 1254 127 1257 *
147 1195 216 1247 tr'uru
232 1211 267 1248 uo
285 1195 465 1248 oblitterareur
483 1197 601 1250 concessi
618 1195 781 1249 Buechelero

219 1298 435 1370 Adiungendum
453 1284 598 1370 praeterea
616 1299 670 1352 ine.
689 1299 743 1353 ino.
762 1299 819 1353 fab.
838 1299 924 1354 XCIII
942 1298 1060 1352 videtur.

521 1449 777 1509 MELANIPPVS

642 1567 659 1632 l

147 1673 235 1740 Nrim
258 1676 331 1759 quis
354 1695 418 1740 non
440 1674 586 1739 morellis
604 1675 716 1740 florem
734 1675 872 1738 hierurn
890 1674 1008 1738 inuidi't
1024 1676 1158 1739 meum?

218 1797 289 1850 Non.
314 1801 378 1864 500,
395 1801 427 1848 13
462 1795 518 1849 ‘sie'
550 1798 579 1850 ei
605 1794 736 1848 inuidit
763 1795 842 1848 illam
868 1811 928 1848 rem
954 1807 1004 1864 pro
1032 1795 1077 1848 illi
1103 1796 1156 1850 rei.

146 1866 247 1920 Accius
270 1865 452 1936 Melanippo.
469 1910 474 1921 .
491 1867 508 1920 .’
548 1865 754 1936 (Menalippo
778 1866 815 1919 W
832 1865 921 1936 Harl.)
949 1865 1043 1920 Cicero
1071 1865 1156 1922 Tuso.

147 1936 217 2006 disp.
236 1937 319 2006 1119,
334 1943 368 1990 20
393 1939 509 1990 ‘nomen
532 1936 670 2006 inuidiae,
694 1937 769 2004 quod
792 1937 908 1991 uerbum
931 1937 1047 1990 ductum
1069 1940 1113 1991 esi
1138 1955 1157 1992 a

146 2007 230 2061 nimis
243 2007 378 2062 intuendo
392 2007 535 2062 fortunam
549 2007 672 2077 allerias,
687 2011 720 2061 ui
729 2007 994 2077 estinldelanippo:
1009 2007 1153 2077 quisnam’

147 2096 169 2132 e.
185 2097 211 2146 q.
226 2097 246 2132 s.
282 2078 366 2132 ‘male
384 2078 484 2132 Latine
501 2079 627 2148 uidetur,
647 2079 695 2132 sed
713 2079 856 2148 praeclare
874 2079 983 2134 Aoeius.
1021 2079 1060 2132 Vs
1078 2079 1157 2132 enim

146 2149 255 2217 uidere,
279 2148 320 2202 sie
341 2148 500 2204 inuidere
522 2149 644 2204 florem
666 2150 769 2203 rectius
792 2167 877 2218 quam
899 2149 969 2204 flori.
1006 2149 1064 2203 Nos
1088 2167 1157 2204 eon-

147 2220 294 2274 sueiudine
307 2220 498 2289 prohibemur:
512 2224 598 2290 poeta
611 2220 655 2274 ius
670 2239 751 2274 suum
763 2220 856 2275 tenuit
869 2223 899 2274 et
914 2221 986 2274 dixis
995 2221 1155 2276 audacius!

147 2290 354 2360 (Melanippa
376 2292 456 2346 Bern.
484 2292 514 2345 in
541 2287 597 2361 rng.
620 2291 817 2362 Menalippa
843 2291 889 2345 vel
911 2289 1109 2360 Menalippa
1129 2315 1156 2363 χ.

147 2361 186 2416 ef.
202 2361 230 2416 O.
244 2361 352 2416 Keilius
367 2363 444 2432 Spee.
460 2363 610 2417 onomatol.
626 2362 726 2417 Graeci
739 2381 766 2432 p.
782 2369 815 2416 37
826 2365 898 2431 sqq.)
924 2362 1047 2416 Isidorus
1062 2362 1155 2418 differ.

148 2433 283 2488 ‘inuidiae
302 2437 397 2488 autem
414 2451 516 2488 nornen
530 2433 637 2487 dicium
650 2436 694 2487 est
707 2433 821 2487 animis
836 2433 971 2488 intuendo
985 2432 1157 2488 felicitaIem

146 2504 270 2572 alterius,
289 2508 322 2559 ut
340 2507 383 2560 esi
400 2504 484 2560 illud:
503 2504 660 2573 quisnam
677 2504 798 2558 florem
817 2503 949 2558 inuidit
966 2505 1107 2559 meum?’

215 2629 283 2665 num
305 2613 356 2682 (uei
377 2615 454 2678 nam)
477 2611 540 2680 quis
562 2629 620 2665 non
642 2613 740 2680 scripsi
762 2611 836 2664 unde
860 2613 910 2664 aut
932 2609 995 2679 quis
1014 2611 1104 2665 Nouii
1121 2631 1157 2681 oo,

145 2684 218 2752 quod
233 2701 310 2754 uepre
323 2691 414 2738 terreas
427 2682 556 2750 quisnam
572 2682 707 2737 Oioerouis
720 2699 770 2750 era,
785 2683 910 2736 Isidorus
959 2681 1086 2735 mo'riah's
1100 2699 1155 2738 om.

146 2753 238 2809 Cicero
255 2761 281 2808 et
297 2755 423 2808 Isidorus
476 2753 596 2808 liberum
614 2769 663 2808 ou.
682 2755 809 2808 Isidorus
861 2769 953 2807 meam
971 2753 1061 2807 Nouii
1078 2773 1099 2806 ω
1151 2781 1153 2787 ·

629 2886 660 2944 Π

91 3009 143 3056 425
154 2986 296 3052 Oe‘neum
315 2985 431 3070 aliquis
447 2988 529 3050 ee'ite
543 2986 577 3050 in
592 2991 806 3071 conspectum,
825 2990 880 3049 adt
894 3008 962 3070 nos,
979 2985 1037 3066 ubi
1050 2985 1154 3070 <ubi>

779 3097 840 3178 esi,
864 3093 969 3156 ducite

142 3183 204 3276 'Ad
227 3204 308 3246 eum.
742 3181 744 3186 ’

214 3295 286 3349 Non.
307 3297 385 3361 85‚2
411 3293 518 3347 ‘rosere
537 3292 678 3362 signifieat
696 3292 782 3347 dieite
800 3293 847 3346 uel
866 3293 944 3364 date,
968 3294 1005 3348 ab
1024 3294 1154 3361 eoquod

143 3366 211 3418 cedo
227 3408 268 3418 ...
283 3363 385 3418 Accius
403 3363 565 3435 Melanippo
581 3408 585 3417 .
599 3408 603 3418 .
616 3365 633 3418 .’

216 3467 229 3512 1
250 3459 374 3513 Oeneum
390 3461 566 3515 Passeratius
584 3477 702 3514 aeneum
720 3483 741 3514 ω
796 3461 845 3514 ubi
863 3461 913 3514 ubi
933 3463 1047 3518 Grotius
1063 3461 1113 3515 ubi
1129 3483 1151 3516 ω

195 3529 273 3583 ubist
292 3529 423 3583 adducite
443 3532 503 3598 (del.
522 3531 559 3584 ad
578 3534 651 3602 eum)
673 3532 776 3587 Ouious
