2618 3900
532 195 563 261 Q.
583 193 718 249 ENNIVS
1091 195 1133 259 73

116 355 242 410 Ennius:
256 353 363 408 lumen’
375 370 397 409 e.
409 373 435 436 q.
447 372 467 410 s.
482 354 523 425 (b)
541 354 711 408 IbidemVIl
721 359 753 410 76
763 355 800 409 M.
817 354 989 423 ‘†aliquod
1003 354 1132 409 lumen’

118 443 142 481 e.
159 445 187 494 q.
203 445 224 480 s.
264 425 380 508 ‘iubar
403 425 507 480 dicitur
530 425 614 480 stella
631 425 755 494 Lucifer,
779 441 866 494 quase
889 425 920 479 in
942 427 1065 508 summo’
1085 426 1132 497 (cf.

117 497 319 551 Lachmannus
342 514 373 550 1n
390 497 469 552 Luor.
488 497 515 550 11
533 500 595 562 291)
621 497 712 566 ‘quod
730 497 818 551 habet
836 496 931 550 lumen
949 496 1082 550 diffusum
1100 501 1135 552 ut

117 567 477 694 lAeioacienmcaeptittgliiubam!
498 571 534 638 (c)
570 569 608 622 Et
629 569 683 623 hoc
703 571 733 623 et
751 583 869 636 sequens
887 568 1076 638 fragmentum
1095 569 1132 622 ad

196 752 258 816 loq.
286 744 403 814 aliquod
429 746 524 800 lumen
542 778 577 786 -
596 745 732 802 iubarue?
755 779 789 788 -
813 747 949 803 Vahleaua
976 747 1033 801 ind.
1063 749 1133 800 1880

115 835 147 888 p.
164 823 199 871 13
209 834 246 887 aq.
267 815 375 871 albicat
392 816 500 874 lumen:
519 816 638 872 iubarne
655 818 718 873 Bae

606 985 649 1044 XI

121 1084 305 1152 Salmacida
327 1085 430 1172 spolia
453 1086 521 1152 sine
545 1087 660 1152 sudore
684 1089 717 1152 et
738 1086 893 1173 sanguine

195 1207 296 1260 Festus
318 1225 345 1277 p.
361 1212 412 1261 829
431 1207 468 1263 M.
508 1206 690 1263 ‘Salmacis
718 1206 830 1262 nomine
855 1206 979 1276 nympha
1002 1206 1080 1261 Caeli
1105 1210 1135 1262 et

122 1279 228 1332 Terrae
247 1277 306 1332 filia
325 1279 413 1332 fertur
431 1295 517 1333 causa
535 1278 622 1333 fontis
640 1277 819 1333 Halicarnasi
837 1295 928 1348 aquae
947 1278 1134 1350 appellandae

121 1349 212 1403 fnisse
232 1349 412 1419 Salmacidis,
436 1367 521 1418 quam
539 1349 589 1418 qui
606 1349 739 1418 bibisset,
760 1349 832 1404 nitio
850 1348 1045 1419 impudicitiae
1063 1349 1133 1404 mol-

121 1422 250 1476 lesceret.
289 1419 332 1475 Ob
355 1437 418 1475 eam
441 1437 511 1490 ram,
536 1421 611 1490 quod
634 1420 694 1474 eins
718 1420 812 1474 aditus
833 1422 1000 1490 angustatus
1039 1421 1134 1475 arieti·

122 1493 178 1546 bus
198 1491 375 1546 occasionem
393 1492 514 1562 largitur
531 1491 680 1546 iuuenibus
698 1491 892 1562 petulantibus
909 1493 1007 1546 antece
1028 1492 1135 1546 entium

123 1579 276 1634 puerorum
292 1563 504 1634 puellarumque
518 1562 723 1632 uiolandam,
742 1562 810 1631 quia
823 1579 880 1617 non
893 1565 974 1632 patet
987 1563 1133 1632 refugium.

123 1633 234 1688 Ennius
249 1679 254 1689 .
267 1678 273 1689 .
286 1635 303 1689 .'
338 1633 433 1689 Cicero
453 1633 488 1688 de
507 1633 552 1690 off.
569 1635 582 1688 Ι
597 1639 639 1703 18,
654 1639 687 1688 61
709 1633 821 1702 ‘itaquo
838 1633 869 1687 in
886 1632 996 1704 probris
1014 1632 1135 1686 maxime

122 1706 153 1759 in
176 1707 310 1775 promptu
334 1707 388 1774 est,
413 1704 437 1758 si
460 1704 528 1773 quid
551 1704 610 1759 tale
634 1704 690 1758 dici
712 1707 820 1775 potest:
847 1722 898 1759 uos
922 1704 996 1758 enim
1019 1703 1135 1757 iuuenes

123 1776 252 1830 animum
295 1775 373 1830 eritis
396 1775 574 1846 muliebrem,
598 1775 649 1829 illa
672 1776 752 1846 uirgo
776 1775 845 1829 uiri’
871 1775 915 1847 (cf.
939 1775 1134 1830 Lachmannns

122 1847 153 1901 in
172 1847 281 1902 Lucr.I
322 1850 385 1917 211)
406 1848 450 1900 ‘et
469 1846 493 1900 si
511 1845 580 1914 quid
599 1845 749 1902 eiusmodi:
769 1846 945 1902 Salmacida'
965 1863 988 1901 e.
1004 1865 1029 1914 q.
1045 1864 1066 1900 s.

198 1953 299 2009 sudore
319 1955 348 2008 et
366 1953 503 2024 sanguine
523 1954 615 2010 Cicero
634 1953 771 2024 sanguine
790 1955 819 2008 et
837 1954 938 2008 sudore
958 1953 1056 2010 Festus

603 2113 661 2172 XII

121 2214 157 2280 Is
180 2213 282 2278 habe‘t
304 2235 455 2280 coronam
477 2213 622 2279 ustulans
643 2213 789 2278 uictoria.

197 2334 282 2389 Pauli
300 2335 399 2390 Festus
417 2354 444 2406 p.
464 2341 516 2389 369
534 2335 579 2392 Μ.Ι
611 2335 798 2404 ‘uitulans,
825 2334 935 2390 laetans
958 2335 1076 2459 faudio,
1104 2339 1137 2390 ut

123 2408 232 2478 pastu?
270 2406 430 2462 Alexandro
448 2405 550 2462 tribuit
566 2407 729 2476 Hartungus
747 2405 843 2477 Eurip.
861 2409 926 2461 rest.
944 2406 957 2460 1
985 2412 1044 2460 238.

594 2566 668 2626 ΧΠΙ
699 2551 702 2556 .

517 2665 749 2751 Neoptolemus

123 2772 356 2858 Philosophari
376 2777 424 2838 est
441 2771 524 2838 mssri
542 2793 683 2858 necesse,
707 2776 740 2837 at
757 2771 881 2857 paucis:
903 2795 978 2837 nam
997 2775 1190 2840 omninoaao

764 2878 844 2944 haut
865 2879 979 2966 placet.

200 3000 296 3056 Cicero
324 3001 405 3056 Tusc.
433 2999 504 3070 disp.
529 3001 587 3055 111
623 3001 882 3071 ‘Neoptolemus
915 3001 1029 3070 quidem
1061 3003 1137 3072 apud

125 3072 251 3127 Ennium
269 3071 511 3142 philosophari
526 3071 594 3126 sibi
608 3072 659 3126 ait
671 3089 811 3128 necesse
826 3089 911 3142 esse,
931 3073 990 3128 sed
1003 3073 1136 3143 paucis:

126 3161 204 3198 nam
228 3141 363 3198 omnino
386 3143 477 3197 haud
498 3143 644 3213 placere.
681 3143 741 3214 Ego
765 3146 872 3212 autem,
900 3145 997 3213 Brute,
1023 3161 1136 3198 necesse

125 3214 198 3268 mihi
222 3213 337 3282 quidem
355 3230 415 3268 esse
434 3213 556 3269 arbitror
572 3214 767 3286 philosophari
783 3215 888 3271 ...sed
905 3233 962 3269 non
976 3213 1085 3284 paucis,
1104 3219 1138 3269 ut

125 3286 185 3340 ille.
200 3317 235 3326 -
254 3285 310 3340 Sed
328 3287 424 3340 tamen
442 3285 477 3340 in
495 3286 569 3341 uita
588 3289 726 3357 occupata
744 3289 842 3356 atque,
864 3289 901 3340 ut
918 3285 1137 3355 Neoptolemi

125 3361 198 3412 tum
221 3359 308 3426 erat,
331 3355 479 3410 militari
501 3374 593 3426 pauca
615 3358 678 3428 ipsa
699 3358 820 3413 multum
841 3373 924 3426 saepe
942 3358 1079 3438 prosunt?
1099 3361 1137 3427 (a)

126 3429 205 3483 Idem
238 3427 273 3482 dc
306 3429 375 3483 orat.
403 3427 494 3496 Har,
515 3433 565 3481 156
599 3430 647 3483 ‘ac
680 3429 720 3483 sic
752 3428 864 3484 decreui
894 3427 1137 3497 ph1losophari

27 3553 33 3562 ,
127 3499 233 3570 potius,
252 3501 286 3552 ut
298 3497 499 3568 Neoptolemus
519 3499 594 3567 apud
607 3499 737 3569 Ennium,
755 3499 983 3568 paucis:.nam
1002 3499 1136 3551 omnino

128 3571 220 3626 haud
242 3569 379 3641 placet’
401 3569 441 3641 (b)
477 3569 555 3622 Idem
578 3569 613 3623 de
636 3585 692 3639 rep.
711 3569 781 3640 118,
796 3574 830 3623 30
855 3567 961 3636 ‘magis
980 3584 1044 3621 eum
1062 3567 1137 3620 dele-
