2630 3886
159 153 223 216 268
561 151 772 208 POMPONIVS

159 311 268 366 alienus
287 315 338 367 est.
366 313 465 381 Itaque
484 329 518 366 ex
536 312 686 382 Pomponii
703 311 837 365 Atellana
855 311 978 378 quadam
996 311 1092 379 verba,
1110 314 1180 364 tum

160 385 254 437 autem
273 383 352 437 Accii
370 400 472 438 nomen
491 383 628 438 excidisse
648 383 796 437 adseverat
813 401 834 437 oc

233 495 248 543 2
269 489 385 544 euolues
405 491 438 544 H
444 491 453 521 ¹
506 506 606 558 meque
624 493 730 559 scripsi,
748 485 869 560 idemqin
888 489 1050 544 Bnectelero
1064 491 1184 557 placuit

159 562 229 616 conl.
249 561 310 616 Son.
333 561 395 616 Oed.
416 567 449 615 27

437 711 490 768 rx
513 679 698 770 moraris
721 709 892 769 saurais

658 835 673 892 I

604 943 729 1009 Chorus

142 1066 157 1114 a
291 1049 445 1115 Rhoeteia
466 1051 581 1134 procul
603 1053 622 1114 a
644 1051 739 1114 terris

567 1156 586 1197 ’k
739 1156 758 1197 *

652 1201 671 1242 ³1³

291 1261 474 1346 Priamique
497 1285 567 1327 aras
591 1263 738 1328 damnate
760 1265 830 1348 pias

569 1369 588 1409 a
742 1369 761 1410 ss

655 1414 674 1455 ss

291 1474 410 1540 'Obrue
433 1498 493 1540 nos
515 1475 709 1560 Danadsque
732 1477 836 1541 simul.

231 1596 415 1650 Terentianus
435 1603 502 1650 1965
513 1614 573 1665 sqq.
603 1596 717 1650 ‘inserit
739 1597 809 1650 haeo
833 1613 921 1664 aeque
943 1595 1115 1665 Pomponius
1140 1596 1179 1648 in

162 1667 311 1722 choricis
339 1667 379 1722 sie
402 1669 457 1748 [1]‚
485 1685 550 1722 mox
576 1663 686 1736 dispare
711 1683 793 1720 uersu
817 1667 949 1722 Subieoto
974 1668 1014 1738 [2]
1037 1669 1106 1720 tuno
1129 1667 1176 1738 [3]

161 1739 280 1808 parilem
303 1738 382 1792 dedit
403 1737 466 1792 1111.‘
505 1738 610 1792 Marius
632 1737 792 1792 Victorinus
816 1727 945 1792 couvi
965 1744 1014 1790 121
1034 1738 1067 1792 K.
1106 1738 1179 1790 ‘nec

162 1810 254 1862 minus
277 1809 528 1878 hephthemimeres
547 1813 622 1863 tome
641 1810 754 1863 subdito
774 1809 829 1862 sibi
848 1825 930 1863 uersu
949 1808 1076 1862 trimetro
1095 1810 1179 1862 cata—

162 1881 263 1934 lectico
354 1882 451 1948 aptum
477 1879 593 1950 tragicis
621 1880 712 1934 choris
735 1884 855 1934 metrum
877 1879 1041 1949 praestabit.
1079 1878 1176 1934 uelut:

162 1951 253 2005 multa
271 1967 382 2018 quoque
400 1953 429 2004 et
446 1951 522 2004 bello
541 1968 653 2020 passus,
678 1951 792 2006 dehinc:
818 1951 879 2004 fato
898 1951 1033 2020 profugus
1051 1949 1178 2004 Lauina-

163 2039 217 2090 que
245 2021 330 2074 uenit.
368 2021 437 2075 item
461 2021 501 2093 [3]
530 2039 606 2076 aras
634 2021 760 2076 Priami
788 2023 953 2080 damnate,
977 2021 1053 2090 pias
1081 2023 1175 2076 tuno.

163 2110 218 2162 quo
237 2108 338 2162 genere
356 2092 438 2146 metri
456 2095 485 2146 et
498 2093 646 2162 Euripides
660 2093 690 2145 in
705 2093 802 2147 Oreste
816 2095 845 2146 et
858 2092 1063 2162 Pomponius
1077 2095 1179 2145 noster

164 2163 195 2216 in
215 2162 377 2236 <choriois>
398 2163 454 2216 suis
474 2163 518 2216 usi
535 2165 717 2218 noscuntur.'·

235 2285 250 2330 2
271 2278 403 2332 damnate
423 2280 520 2334 Victor.
536 2281 575 2334 ed.
586 2297 631 2348 pr.
652 2279 785 2333 damnato
801 2281 936 2334 Victorini
954 2279 1021 2335 Pur.
1040 2279 1180 2332 damnare

168 2351 348 2405 Terentianus
655 2429 686 2486 Π

610 2537 733 2603 Chorus

296 2644 438 2708 Pendeat
461 2667 500 2708 ex
522 2645 642 2709 umeris
666 2646 767 2708 dulcis
790 2645 899 2728 chelys

297 2749 351 2814 ‘Et
373 2773 522 2815 numeros
545 2751 618 2815 edat
640 2753 762 2836 uarion,
786 2751 903 2836 quibus

131 2885 164 2932 10
297 2855 452 2921 ‘Adsonet
474 2879 567 2922 omne
590 2859 699 2922 uirens
721 2858 785 2922 late
809 2880 935 2942 nemus,

246 3001 247 3004 =
296 2961 351 3027 ‘Et
372 2964 467 3028 tortis
490 2965 598 3027 errans
621 2965 677 3048 qui
699 2964 836 3028 flexibus

235 3092 419 3152 Terentianus
439 3098 507 3146 2135
518 3111 577 3162 sqq.
604 3093 653 3146 ‘in
670 3093 817 3164 tragicis
836 3093 949 3146 iunxere
969 3091 1082 3146 choris
1101 3093 1180 3146 hunc

165 3181 249 3234 saepe
277 3163 375 3218 diserti
397 3166 528 3217 Annaeus
552 3165 658 3218 Seneca
686 3167 714 3218 et
737 3164 906 3234 Pomponius
935 3167 1000 3217 ante
1024 3163 1179 3218 Secundus.

164 3235 233 3289 Tale
257 3234 336 3289 dedit
357 3235 439 3289 nobis
457 3235 627 3304 Pomponius
646 3237 748 3307 [1-4].
785 3235 883 3289 Reddo
901 3235 986 3304 pedes
1006 3234 1100 3302 binos,
1127 3235 1180 3302 qui

164 3323 238 3359 nunc
261 3306 363 3360 desunt
384 3309 561 3362 tetrametro:
584 3307 689 3360 Rursus
713 3307 748 3360 de
770 3306 870 3360 mutilo
893 3305 967 3360 redit
985 3305 1108 3374 integer:
1133 3305 1177 3376 [1]

165 3379 233 3445 apta
250 3377 367 3446 choreis,
386 3377 426 3448 [2]
446 3394 509 3430 ecce
527 3377 713 3446 propinquum
745 3383 760 3429 3
788 3393 911 3446 aruaque
925 3377 1005 3429 iuxta
1019 3377 1060 3447 [4]
1075 3375 1178 3446 effugit

165 3445 274 3500 amnis.’
319 3447 423 3500 Marius
447 3447 606 3501 Victorinus
633 3447 708 3501 out.
791 3454 840 3501 115
864 3448 897 3502 K.
940 3447 988 3499 ‘hi
1018 3447 1179 3500 tetrametri

165 3515 281 3584 tragicis
304 3517 395 3570 choris
419 3535 436 3571 a
458 3517 598 3586 plerisque
621 3519 785 3587 miscentur,
811 3522 840 3572 et
863 3517 1020 3573 continuati
1039 3535 1179 3572 nonnum-
