2624 3888
551 162 580 215 n.
601 161 727 216 Accius
1080 158 1150 228 245

210 321 360 375 Translata
379 323 444 374 sunt
463 337 496 375 ex
514 320 656 390 Euripidis
674 321 778 375 Phoen.
797 320 915 390 prologo
934 324 969 390 (v.
987 325 1026 390 l):

334 387 355 446 ὦ
373 392 425 460 τὴν
444 391 475 446 ἐν
494 392 605 462 ἄστροις
623 394 746 460 οὐρανοῦ
764 389 871 462 τέμνων
890 392 972 451 ὁδὸν,

333 465 382 517 καὶ
400 463 660 533 χρυσοκολλήτοισιν
680 459 801 536 ἐμβεβὼς
819 460 931 588 diagora

328 532 417 602 Ἥλιε,
436 539 522 598 θοαῖς
541 533 669 589 ἵπποισιν
688 532 812 590 εἱλίσσων
831 539 869 603 φλ
886 553 936 604 γα,

335 607 371 669 ὡς
390 608 511 676 δυστυχῆ
532 605 653 679 Θήβαισι
671 615 705 677 τῇ
723 603 789 660 τόθ’
810 603 900 680 ἡμέρᾳ

333 675 426 731 ἀκτῖν’
448 673 557 746 ἐφῆκας
575 697 600 732 κ,
615 697 638 732 τ.
653 681 675 732 λ.

211 789 225 836 1
249 782 401 836 micantem
424 782 545 836 candido
569 800 651 836 curru
669 783 833 838 Priscianus
855 782 1022 836 candentem
1040 781 1151 838 feruido

137 872 222 909 cursu
236 855 379 923 Apuleius,
397 856 454 908 atsi
473 856 545 924 qood
562 853 744 923 punicantem
761 853 780 908 f.
800 871 823 908 c.
838 856 966 924 antiquos
979 856 1035 922 sere
1049 857 1152 910 codices

136 928 234 981 hobae
266 932 382 980 testator
412 926 587 980 Resistemos
659 931 676 978 3
700 924 827 994 quianim
850 927 910 980 Vct.
984 924 1076 979 omine
1107 927 1152 982 tic

137 999 267 1052 mnissroo
294 1015 317 1051 ο.
337 1003 354 1050 4
377 1003 441 1066 post
468 999 548 1050 tuum
575 997 673 1052 habeut
698 997 779 1052 Pars.
804 997 865 1052 AR
888 997 947 1052 Vae.
971 997 1049 1052 Leid.
1074 997 1102 1052 V

135 1074 155 1127 4
179 1070 305 1122 ostentas
329 1068 463 1122 Heinsius
490 1069 631 1122 ostentum
654 1088 689 1136 ω,
715 1068 851 1140 Beryttus
874 1067 999 1122 ostendis
1016 1069 1152 1142 ‚editiones
1202 1132 1204 1138 Α

138 1140 319 1208 interpolatae
338 1138 457 1192 ostensti
477 1139 586 1194 Vossius

626 1271 658 1328 II

137 1373 190 1437 Ibi
213 1373 275 1457 fas,
298 1372 345 1436 ibi
368 1376 515 1436 cunctam
539 1371 705 1456 antiquam
729 1372 954 1436 castitddinem
1152 1388 1203 1438 585

210 1494 282 1548 Non.
302 1499 344 1561 85,
360 1498 394 1546 10
414 1492 679 1547 ‘castitudinem
696 1510 747 1561 pro
767 1493 920 1547 castitate’
1212 1487 1214 1491 ’

622 1662 669 1720 ΠΙ

138 1763 422 1846 Vicissitatemque
444 1762 639 1847 imperitandi
662 1763 803 1827 tradidit.

138 1877 142 1882 ’
210 1884 282 1939 Non.
304 1891 363 1952 185,
381 1889 413 1940 18
437 1883 686 1939 ‘uicissitatem
704 1901 754 1953 pro
773 1883 988 1938 uicissitudine.’

620 2053 665 2111 IV

138 2154 188 2220 Nc
212 2113 329 2218 horiim
351 2153 529 2218 discordiae
552 2156 584 2218 et
608 2154 746 2218 diuidiae
770 2153 925 2239 dissipent

138 2261 331 2325 Distrirbent
353 2264 460 2324 tantus
483 2261 515 2323 et
538 2264 604 2324 tam
627 2260 750 2343 opimas
773 2261 893 2324 ciuium

137 2367 281 2431 Diuitias
932 2371 935 2378 '

154 2561 173 2612 d
202 2488 283 2629 ἓξὲξ)
307 2493 425 2557 101,19
462 2487 630 2554 ‘diuidua
665 2489 698 2541 ut
729 2486 937 2542 dissensiones’
983 2488 1151 2559 (diuidiae
1188 2503 1198 2549 ,·

137 2577 181 2614 e.

214 2673 271 2735 lsq.
287 2667 325 2720 od
337 2667 458 2721 senarios
467 2666 565 2720 Batou
577 2667 649 2721 redii
703 2670 717 2718 1
732 2680 849 2718 neorum
857 2665 949 2720 BaL¹
963 2682 1058 2719 eorum
1068 2666 1151 2722 Moa-

139 2741 202 2806 λλον.
226 2755 261 2791 m.
279 2743 293 2789 1
317 2753 353 2789 ne
377 2751 473 2790 corum
491 2735 613 2818 Sculeyer
666 2735 824 2790 discordiae
842 2739 871 2790 et
889 2735 1014 2790 diuidiae
1033 2737 1152 2793 Botte'us

141 2807 257 2862 diuidae
276 2809 306 2861 et
324 2807 479 2862 discordiae
499 2829 520 2862 ω
540 2807 665 2861 druidiae
684 2806 841 2862 discordiae
860 2808 1051 2864 Fleckeiseaos
1068 2815 1151 2877 septe-

138 2882 236 2935 narios
254 2880 395 2934 ἀινιιιιλνιι
414 2877 528 2932 diuidae
550 2877 706 2934 discordiae
725 2897 746 2934 a
816 2885 832 2932 2
853 2878 1012 2933 disturbent
1030 2879 1152 2951 Scotiyer

139 2955 169 3005 et
188 2949 349 3004 disturbent
366 2971 387 3004 ω
441 2952 501 3004 tam
520 2950 628 3020 opimas
644 2968 691 3006 urs.
708 2951 805 3018 Fabri,
820 2949 941 3023 διολέσει
958 2951 1016 3004 iam
1030 2949 1151 3019 optimas

140 3044 162 3092 φ
217 3020 345 3089 quinium
363 3022 409 3075 Ba

632 3135 661 3192 V

141 3237 249 3303 Notus
271 3237 321 3300 uti
344 3239 413 3301 tute
438 3237 600 3320 sceptrum
621 3241 787 3320 poteretur
809 3237 912 3322 patris
1152 3241 1212 3303 590'

212 3358 284 3412 Non.
299 3363 364 3425 481,
380 3362 414 3411 ³0
434 3356 485 3410 ‘sic
503 3356 618 3426 potior
635 3357 716 3411 illam
733 3374 792 3412 rem
805 3375 856 3427 pro
872 3358 923 3411 illa
937 3375 967 3412 re
980 3358 1120 3428 potior...
1131 3360 1148 3414 .’

154 3485 156 3488 ·
212 3463 256 3518 uti
269 3465 331 3518 tute
345 3463 464 3518 Boeotos
477 3466 510 3517 nt
522 3466 584 3518 tute
598 3485 619 3518 ω
634 3463 739 3518 uirtute
755 3464 910 3534 neoterius,
924 3467 1029 3522 sorios
1071 3470 1151 3536 pote-

140 3539 218 3590 retur
237 3537 356 3614 Bottius
373 3533 511 3603 potiretur
529 3556 550 3589 ω
1145 3561 1147 3573 ·
