2624 3888
891 63 948 117 Ἤ

203 157 267 220 172
617 158 792 214 ascerus
899 128 906 140 '
940 121 941 124 Ὺ

272 315 430 370 Priscianus
455 317 490 371 de
512 317 608 372 metris
633 335 702 374 com.
725 337 752 388 p.
773 324 841 373 1325
855 319 885 374 P.
916 321 979 374 ‘nec
1002 320 1093 374 solum
1111 320 1209 374 comici

200 387 394 441 huiuscemodi
417 391 483 442 sunt
504 389 549 442 usi
570 389 685 458 iambis,
710 390 759 444 sed
782 389 869 444 etiam
891 391 994 462 tragici
1016 391 1211 459 uetustissimi,

200 458 356 583 pitdilslnnips
375 459 406 512 in
423 459 524 515 Medea
539 461 697 516 ..Accius
715 461 746 515 in
763 461 934 532 Argonautis
1008 462 1085 517 idem
1102 462 1132 517 in
1145 464 1211 518 Per·

272 643 285 690 1
306 653 499 706 quemcunque
518 638 637 694 Botbids

577 823 833 882 ANDROMEDA

483 1001 489 1010 ,
695 947 711 1006 I

50 1115 51 1118 ,
146 1063 197 1112 100
208 1047 294 1124 Quot
316 1047 393 1112 hina
415 1047 529 1130 circlos
552 1049 658 1113 innuo
682 1049 716 1112 in
739 1071 834 1114 cursu
857 1021 979 1115 institit

249 1168 339 1234 Non.
360 1173 406 1238 ab,
422 1175 455 1224 25
487 1169 614 1223 ‘circus
638 1169 743 1223 dicitur
766 1169 856 1224 omnis
883 1171 1007 1226 ambitus
1030 1173 1078 1228 uel
1100 1191 1211 1244 goeros,

199 1239 277 1294 cuius
297 1239 497 1294 diminutiuum
516 1244 560 1295 est
578 1240 718 1296 circulus’

268 1349 337 1414 quot
355 1347 472 1416 Lipsiae
489 1347 565 1415 quod
583 1367 604 1401 ω
673 1346 772 1401 circlos
794 1348 923 1404 Ossaeae
943 1349 1062 1404 circulos
1081 1373 1102 1406 ω
1121 1351 1211 1406 circos

198 1418 338 1474 Mercercs
391 1435 473 1472 cursu
493 1419 578 1474 Vatis.
599 1435 720 1488 cursop

685 1568 717 1626 Π

197 1666 278 1734 Cum
300 1667 465 1734 uinxerint
487 1669 672 1734 caelestium
695 1669 813 1736 mole‘m
836 1671 918 1736 mihi

193 1860 242 1914 nix
269 1789 429 1888 Priscianus
455 1809 482 1859 p.
502 1795 553 1845 882
573 1791 604 1844 P.
643 1789 764 1859 ‘ninguo
793 1808 904 1860 quoque
931 1792 1043 1863 ninxi,
1077 1794 1152 1848 unde
1181 1797 1210 1848 et

264 1965 388 2020 ninxerit
405 1967 504 2034 Beria,
525 1969 589 2036 sort.
612 1975 682 2024 recte
701 1969 840 2039 (Iuppiter
858 1971 926 2041 scii.)
999 1987 1063 2024 cum
1085 1971 1211 2026 ninxerit

195 2037 361 2091 caelestium
379 2036 523 2092 molimine
544 2038 658 2094 Gratias

676 2155 723 2213 HI

192 2253 267 2321 Nisi
290 2255 369 2340 quid
391 2257 447 2318 tua
469 2255 605 2319 facultas
627 2256 721 2320 nobis
745 2256 828 2320 trilat
852 2278 958 2342 opem,
981 2258 1111 2342 pereim
1131 2311 1160 2324 ..

263 2375 424 2431 Macrobius
442 2375 473 2430 in
487 2375 563 2431 OGL.
578 2377 604 2431 V
621 2395 647 2446 p.
664 2383 715 2430 607
729 2377 762 2430 Κ.
795 2373 869 2431 “fero
888 2377 943 2431 tuli
962 2381 991 2432 et
1008 2377 1079 2432 tollo
1094 2377 1150 2432 tuli
1165 2423 1170 2434 .
1184 2424 1207 2434 ..

192 2445 294 2502 Accius
312 2464 379 2502 uero
398 2447 429 2500 in
442 2447 622 2502 Andromeda
641 2447 727 2502 eiiam
746 2464 780 2502 ex
799 2464 841 2516 eo,
861 2449 937 2516 quod
956 2451 999 2502 est
1017 2449 1104 2520 tulo,
1125 2450 1208 2517 quasi

193 2536 210 2572 a
228 2519 353 2573 themate
371 2517 453 2589 tuli,
474 2518 610 2574 declinat:
629 2518 695 2573 nisi'
717 2535 739 2572 e.
759 2523 785 2587 'q.
806 2537 827 2574 s.

262 2624 331 2694 quid
350 2625 467 2680 Botbies
486 2624 562 2692 quod
580 2646 602 2677 ω
621 2623 736 2692 quidem
754 2626 899 2696 Berytics.
927 2625 1061 2694 Aequi?
1117 2644 1208 2697 opem,

190 2712 304 2764 peream
321 2697 419 2766 scripsi
438 2697 504 2750 dece
519 2695 697 2766 Kiessliapio,
718 2699 766 2766 qai
783 2695 937 2765 peribimus
951 2699 993 2752 cel
1005 2713 1057 2750 nos
1071 2699 1208 2767 periimus

191 2769 317 2823 clausola
345 2783 451 2822 verace
477 2768 556 2834 deiri
582 2768 687 2822 colebat
715 2769 756 2838 (ia
785 2769 922 2823 coreoedic
948 2767 1035 2837 probe
1061 2771 1207 2839 adderem.)

244 2854 326 2907 opem
344 2838 462 2893 Botbids
481 2853 594 2906 operam
613 2858 633 2891 ω

676 2950 719 3008 IV

197 3051 266 3118 Nec
290 3051 367 3137 quei
387 3056 420 3116 te
445 3029 586 3116 adiutem
609 3051 752 3116 inuinio:
775 3051 899 3117 hortari
918 3054 1026 3138 pudet,
1050 3078 1116 3121 non
1134 3080 1206 3142 pro-

830 3159 918 3223 desse
941 3158 976 3223 1'd
998 3161 1098 3247 piget.

260 3279 331 3335 Non.
347 3285 443 3348 424‚a
470 3278 591 3348 ‘pudet
614 3281 647 3333 et
670 3277 768 3349 piget
790 3279 844 3334 hoc
868 3279 989 3337 distant:
1018 3283 1107 3351 pudet
1130 3284 1206 3338 enim

190 3349 376 3404 uerecundiae
395 3353 446 3419 est,
464 3351 561 3420 pigere
579 3349 771 3419 paenitentiae
787 3393 828 3406 ...
844 3351 946 3406 Accius
960 3352 1183 3423 Neoptolemo..
1197 3400 1202 3411 .

189 3420 266 3474 idem
283 3421 462 3476 Andromeda
478 3421 530 3475 ...'

260 3525 482 3596 &plenariorum
509 3528 706 3583 iroebciccrcm
732 3529 853 3596 frustula
881 3532 1029 3600 dispescuit
1054 3533 1128 3602 Bae,
1157 3550 1204 3604 epo

137 3017 187 3066 103

137 3105 188 3154 104
