2618 3900
566 123 598 189 Q.
616 123 751 178 ENNIVS

636 292 678 350 XI

584 391 739 476 Thyestes

154 499 236 584 'Ipse
258 500 391 565 summis
413 500 499 564 arixis
520 499 604 563 fixus
627 499 766 584 asperis,
789 497 997 583 euisceratus,

103 625 155 675 310
165 606 279 671 Latere
288 606 437 691 pendenS,
446 605 523 670 saxa
532 627 684 692 spargens
694 605 780 689 teba,
789 605 877 670 sanie
886 609 919 670 et
928 604 1082 691 sanguine
1092 607 1165 670 atro

565 713 582 752 ²3
738 711 757 752 3

101 831 104 842 ‘
154 819 268 905 Neque
287 819 478 903 sepulcrum,
496 820 560 902 quo
575 757 718 902 recipiat,
736 817 854 882 habeat
866 821 997 901 portum
1012 817 1165 903 corporis,

154 925 230 991 'Vbi
252 926 385 990 remissa
406 925 546 989 humana
568 925 637 989 uita
660 924 775 1008 corpus
799 923 978 1008 requiescat
1001 925 1103 989 malis.

227 1046 321 1101 Cicero
345 1045 424 1101 Tusc.
453 1045 523 1115 disp.
548 1045 627 1114 144,
647 1050 697 1098 107
729 1045 889 1099 ‘execratur
916 1044 1067 1099 luculentis
1095 1061 1164 1100 sane

154 1117 282 1174 uersibus
311 1117 387 1187 apud
408 1116 530 1171 Ennium
556 1116 736 1186 Thyestes,
764 1115 887 1186 primum
912 1117 950 1170 ut
976 1115 1164 1186 naufragio

154 1192 275 1314 cu
764 1185 841 1330 eu
856 1185 1166 1314 usurae

155 1275 610 1400 redegizmseensgriadlinnieirglddbunt
627 1346 713 1398 quam
730 1327 780 1383 ille
798 1257 911 1384 laiere
929 1277 1095 1398 pelopem,
1119 1329 1166 1384 cui

154 1417 187 1456 sc
205 1400 251 1455 hic
271 1401 425 1456 cruciatum
443 1404 540 1456 censet
558 1403 663 1472 optare.
693 1399 770 1465 Quae
789 1402 883 1454 essent
901 1399 980 1469 dura,
1000 1400 1024 1454 si
1039 1400 1164 1470 sentiret,

156 1472 237 1526 nulla
270 1475 336 1526 sunt
363 1472 423 1527 sine
451 1490 541 1528 sensu.
582 1471 657 1526 Illud
684 1487 751 1525 uero
777 1487 914 1540 perquam
939 1471 1037 1527 inane:
1065 1473 1102 1543 [3.
1126 1473 1165 1553 4].

156 1543 243 1598 Vides
268 1546 374 1612 quanto
397 1544 467 1598 haec
489 1544 520 1598 in
538 1560 629 1598 errore
647 1543 805 1598 uersentur:
832 1545 945 1611 portum
963 1559 1023 1597 esse
1042 1559 1166 1613 corporis

157 1619 186 1670 et
208 1615 382 1684 requiescere
400 1615 431 1668 in
449 1613 595 1684 sepulchro
611 1616 697 1694 putat
715 1615 875 1694 mortuum&
890 1630 994 1684 magna
1012 1613 1096 1684 culpa
1113 1615 1168 1669 Pe-

156 1685 241 1755 lopis,
271 1685 320 1755 qui
342 1703 399 1740 non
422 1685 556 1740 erudierit
578 1685 667 1738 fihum
690 1700 741 1738 nec
765 1684 903 1752 docuerat,
929 1687 1067 1752 quatenus
1091 1689 1168 1740 esset

156 1757 279 1825 quidque
302 1757 475 1812 curandum’
513 1757 591 1810 Idem
613 1755 644 1809 in
667 1755 798 1809 Pisonem
817 1761 862 1825 19,
879 1761 913 1809 43
943 1755 1099 1825 ‘Thyestea
1122 1759 1168 1811 est

157 1827 213 1882 ista
232 1827 373 1882 execratio
391 1830 492 1897 poetae
510 1826 591 1896 uulgi
609 1826 726 1896 animos,
748 1843 806 1880 non
825 1825 994 1896 rapientium
1011 1827 1168 1884 mouentis:

156 1901 194 1952 ut
218 1901 254 1952 tu
272 1898 456 1968 naufragio
475 1897 637 1968 expulsus
656 1896 790 1967 uspiam
809 1897 901 1952 saxis
919 1897 1013 1952 fixus
1032 1897 1166 1968 asperis

158 1968 375 2023 euisceratus
394 1969 504 2024 latere
522 1969 702 2040 penderes,
721 1970 754 2022 ut
772 1967 814 2022 ait
831 1968 893 2036 ille,
915 1985 996 2023 saxa
1011 1971 1165 2024 ...atro’

158 2040 262 2122 (Verba
286 2042 324 2093 ut
349 2040 597 2122 tutnaufragio
625 2039 788 2122 expulsus
817 2039 951 2120 uspiam
973 2039 1100 2121 Ciceroni
1122 2057 1168 2096 re-

158 2110 690 2264 alpll„ttlt0.¹¹tdlffltt1lltt
712 2110 951 2263 taleolas&
972 2111 1102 2263 lilla
1128 2112 1167 2238 ll

159 2252 277 2378 ⁹lll¹1¹0⁸
283 2270 502 2393 talama
509 2253 666 2394 altstat
687 2251 1086 2392 dissimiletis
1102 2270 1167 2380 1033

157 2341 230 2449 sslia
252 2393 310 2466 legi
331 2368 456 2464 potuis’se
479 2395 606 2464 censuit.)
641 2395 713 2449 Non.
728 2399 824 2462 405,3
850 2394 1041 2464 ‘spargere‚
1069 2395 1167 2450 made·

158 2466 259 2520 facere.
295 2465 419 2520 Lucilius
442 2466 490 2521 lib.
515 2466 629 2521 XVIIH:
649 2467 704 2542 [2]
734 2468 881 2546 quaeant
902 2465 1035 2547 traducta
1058 2469 1124 2520 sunt
1147 2483 1166 2521 a

158 2537 266 2592 Lucilio
283 2540 332 2592 aut
345 2537 523 2592 librariorum
535 2537 626 2592 turbis
640 2553 786 2607 perperam
800 2551 860 2589 erus
873 2551 986 2591 nomme
1001 2536 1166 2592 afferuntur.

230 2649 309 2716 lapq.
327 2663 451 2701 numeros
469 2646 609 2701 corastitac't
626 2645 769 2700 Bentleiuc
805 2647 821 2695 3
840 2641 916 2711 quod
934 2659 955 2698 a

231 2749 399 2820 ‘Thyesteas
426 2753 536 2821 preces’
565 2749 660 2820 tangit
682 2747 815 2804 Horatius
839 2749 918 2818 epod.
938 2748 964 2802 V
979 2755 1025 2817 86,
1054 2749 1104 2804 ubi
1128 2748 1164 2804 cf.

159 2821 245 2876 schol.
264 2822 412 2876 Praeterea
433 2822 524 2876 eidem
541 2820 656 2876 fabulae
674 2819 762 2874 tribui
779 2822 898 2889 possunt
916 2824 967 2874 inc.
986 2837 1060 2876 nom.
1079 2817 1165 2875 XXX.

158 2891 443 2962 XXXVII-XXXIX,
462 2892 515 2947 inc.
535 2893 589 2947 ine.
608 2891 665 2945 fab.
684 2891 766 2945 LVII.

361 3041 524 3100 INOllRTI
546 3040 714 3100 NOMINIS
738 3040 957 3112 RELIQVIAE

655 3165 671 3224 I

604 3263 717 3331 Vlixes

161 3371 239 3450 Quis
261 3372 308 3437 ibi
330 3395 397 3438 non
418 3375 467 3437 est
489 3372 675 3437 udlneratus
697 3372 782 3438 ferro
805 3371 948 3459 Frugio‘?
972 3423 978 3436 .
998 3423 1032 3438 ..

231 3491 326 3574 Cicero
357 3510 408 3563 pro
437 3493 518 3549 Rosc.
546 3494 606 3548 Am
627 3499 674 3562 32,
694 3499 728 3548 90
762 3492 879 3548 ‘multos
912 3507 1008 3548 caesos
1040 3509 1097 3548 non
1128 3494 1168 3548 ad
