2630 3886
174 169 238 234 318
347 173 395 225 EX
413 171 580 226 INCERTIS
598 169 838 226 INCERTORVM
856 170 1007 224 FABVLIS

636 339 727 399 CLIV

60 525 62 530 Ι
121 457 173 504 260
184 440 230 504 Vt
253 441 287 504 1‘n
311 443 458 506 secundis
481 443 599 526 fluxae,
622 445 660 504 ut
683 442 716 504 in
740 439 882 504 aduersis
904 441 1007 504 bonae

245 563 340 616 Cicero
364 563 401 616 ad
419 562 477 617 Att.
493 563 532 615 IV
547 569 606 630 1,ss
632 562 691 616 ‘ita
716 564 781 614 sunt
803 576 847 612 res
870 564 996 629 nostrae,
1021 565 1059 614 ut
1083 561 1119 615 in
1139 579 1190 617 se-

174 633 296 687 cundis
315 634 444 701 fluxae,
464 638 501 688 ut
514 634 549 687 in
564 631 720 687 aduersis
735 633 865 686 bonac.'
894 631 1001 686 ibidem
1012 639 1037 701 2,
1049 640 1063 686 1
1077 633 1188 702 ‘priori-

174 706 225 758 bus
245 704 299 759 tibi
318 705 469 774 declarati,
489 706 628 759 aduentus
647 706 743 758 noster
761 701 853 770 qualis
872 701 973 756 fuisset
991 704 1099 772 etquis
1114 710 1189 760 esset

174 779 264 829 status
284 778 369 844 atque
389 793 484 830 omnes
502 793 546 830 res
564 779 678 829 nostrae
697 791 780 842 quem
795 774 960 828 admodum
975 779 1078 844 essent,
1098 782 1136 830 ut
1154 776 1188 829 in
1294 815 1295 830 2

174 847 334 900 secundis
348 847 478 912 fluxae,
493 847 577 900 utin
594 845 752 900 aduersis
767 845 897 899 bonae’
926 845 1002 899 idem
1017 846 1054 900 ad
1069 847 1189 902 Brutum
1294 851 1295 880 l

174 917 186 970 1
207 924 283 985 10‚2
309 917 407 972 ‘huius
430 917 499 972 belli
522 917 636 971 fortuna
658 920 695 970 ut
717 917 752 969 in
775 917 935 969 secundis
959 917 1070 986 fluxa,
1095 922 1132 972 ut
1154 919 1188 971 in

175 989 334 1042 aduersis
358 989 465 1043 bona’
505 990 622 1043 Carmen
641 987 759 1058 agnovit
778 988 977 1056 Buechelerus‚
997 989 1073 1056 quod
1092 991 1188 1044 tamen

173 1060 268 1113 nescio
289 1077 325 1113 an
344 1077 455 1114 soccum
473 1061 564 1129 magis
584 1077 668 1128 quam
687 1060 854 1113 cothurnum
873 1060 980 1113 deceat.

629 1191 739 1249 CLIV¹¹

759 1274 915 1358 pepulisti
936 1275 1022 1338 fores
1182 1359 1185 1368 .

244 1390 370 1443 Donatus
386 1390 422 1444 ad
437 1390 498 1443 Ter.
512 1389 631 1458 Adelph.
647 1389 685 1442 IV
700 1394 725 1456 5,
739 1394 770 1442 4:
792 1389 871 1440 ‘nota
888 1387 1062 1456 pepulisti
1081 1389 1188 1443 elatum

174 1461 290 1514 uerbum
318 1464 348 1515 et
373 1459 482 1529 tragico
511 1461 647 1514 cothurno
675 1457 767 1528 magis
795 1475 880 1526 quam
907 1457 1038 1526 loquelae
1064 1460 1188 1516 comicae

174 1533 435 1587 accommodatum’

626 1601 738 1668 CLIVb

174 1721 293 1785 MARS
317 1720 438 1785 Adc'sse
460 1721 599 1784 ultorem
622 1720 690 1782 na'ti
713 1741 764 1783 me
789 1720 898 1784 credas
920 1720 997 1784 mei:

173 1826 360 1912 (Marmor.
394 1825 627 1916 HERCVLES
646 1826 751 1888 uirtus
769 1831 928 1909 nusquam
943 1827 1062 1890 terreri
1072 1831 1189 1911 potest.

244 1939 333 1993 Carm.
353 1939 439 2008 epigr.
455 1945 487 1992 31
503 1939 535 1994 B.
554 1938 583 1992 in
602 1938 763 2008 anaglypho
780 1937 961 2006 insculptum.

245 2043 260 2088 2
279 2035 396 2090 moritor
414 2037 529 2090 Wetlias
582 2052 692 2102 nusqua
711 2052 830 2090 murmur

628 2166 736 2224 OLIV⁰

492 2269 580 2332 eheu.
603 2290 713 2352 papae.
737 2267 839 2332 babae

244 2381 349 2434 Marius
376 2380 537 2434 Victorinus
568 2379 644 2434 CGL.
664 2379 702 2432 Vl
722 2385 754 2432 78
773 2380 806 2434 K.
851 2381 952 2434 ‘haec'
987 2367 1185 2454 (monometra)

173 2452 351 2522 ‘plerumque
374 2453 408 2504 in
431 2450 624 2521 tragoediis
649 2467 706 2503 seu
730 2452 918 2506 comoediis
940 2451 1075 2506 concitati
1096 2453 1184 2507 animi

171 2523 306 2592 motibus,
330 2541 399 2592 quos
419 2523 518 2577 Graeci
535 2521 618 2590 πάθη
638 2521 748 2588 dicunt,
768 2523 959 2592 exprimuntur
981 2522 1078 2596 etffper
1096 2524 1184 2579 inter-

170 2594 320 2648 iectionem
348 2594 522 2662 quorundam
550 2592 712 2646 adfectuum
740 2593 801 2646 sola
830 2593 993 2662 efferuntur,
1022 2597 1054 2647 ut
1084 2596 1184 2666 eheu,

173 2665 443 2734 papae‚babae’

640 2741 717 2799 CLV

808 2827 964 2910 plaudite!

243 2939 433 3004 Quintilianus
448 2939 486 2992 Vl
501 2944 529 3004 1,
544 2943 578 2991 52
603 2939 685 2990 ‘tunc
708 2941 752 2991 cst
774 2939 1006 2992 commonendum
1030 2941 1183 3012 theatrum,

172 3027 236 3064 erun
265 3012 382 3064 uentum
414 3012 457 3063 est
489 3009 526 3062 ad
556 3008 650 3078 ipsum
679 3009 763 3077 illud,
797 3026 852 3076 quo
879 3012 988 3064 ueteres
1017 3012 1185 3081 tragoediae

172 3080 387 3149 comoediaeque
411 3079 591 3134 clauduntur:
614 3079 793 3148 plaudite’
822 3079 970 3149 (plodite
995 3081 1063 3135 libri
1082 3084 1186 3152 optimi

170 3154 282 3220 praeter
299 3152 408 3206 Monac.
426 3152 553 3220 Argent.)

242 3220 404 3276 Glossaru'm
426 3221 553 3290 eclogam
577 3220 672 3274 coroll.
691 3219 778 3273 LXXI
788 3239 847 3288 sqq.
872 3224 901 3276 et
919 3221 1045 3277 LXXVII
1056 3243 1096 3292 sq.
1135 3243 1182 3280 ex-

170 3293 292 3359 positam
312 3297 437 3362 repetere
455 3291 540 3345 nolui.
579 3291 709 3345 Ariolans
728 3307 762 3344 ex
781 3291 921 3346 Ciceronis
941 3293 1071 3350 Sestiana
1087 3303 1131 3366 21,
1146 3303 1182 3350 48

172 3361 271 3415 elicere
289 3363 380 3416 voluit
399 3363 429 3417 O.
449 3362 550 3416 Miiller
569 3362 627 3415 siue
645 3361 774 3415 Enniana
794 3362 852 3416 sive
871 3364 1040 3422 Pacuviano.
