2618 3900
538 167 575 220 M.
595 165 774 220 PAOVVIVS
1097 167 1160 232 155

633 333 674 392 LI

142 443 278 528 Topper
300 447 421 528 tecum,
442 442 503 508 siet
525 447 680 529 potestas,
703 444 814 509 faxsit:
838 445 888 509 sin
911 449 1036 510 mecum
1058 447 1139 510 uelit

219 574 319 628 Festus
332 593 359 644 p.
376 579 427 627 352
442 575 479 630 Μ,
501 574 637 643 ‘topper
651 573 770 628 fortasse
784 574 863 628 ualet
875 574 906 628 in
919 574 993 628 Enni
1007 578 1040 630 et
1054 576 1157 630 Pacui

140 644 262 714 scriptis
277 677 310 685 -
325 644 478 701 Pacuuius:
497 646 607 714 topper’
629 661 652 700 e.
672 663 698 714 q.
719 663 740 701 s.

220 761 284 833 siet]
303 760 341 815 sit
359 763 417 816 cod.
435 760 461 814 si
479 761 598 816 Bottiaei
652 760 708 832 sin]
727 760 752 814 si
769 763 826 817 cod.

123 1011 321 1078 sobstinati
344 1014 475 1077 exortus
624 929 682 987 ΠΙ
1158 1039 1210 1086 415

218 1143 319 1197 Festus
341 1162 369 1214 p.
390 1149 441 1197 193
455 1144 492 1198 M.
532 1143 739 1212 ‘obstinato‚
768 1143 929 1215 obfirmato,
956 1147 1157 1215 perseueranti,

140 1217 178 1268 ut
198 1216 294 1268 tenere
312 1214 410 1283 possit,
430 1217 462 1268 ut
479 1214 632 1270 Pacuuius:
652 1232 677 1270 o.
697 1215 732 1269 e.'
1071 1216 1073 1222 ’

221 1337 359 1392 obstinati
375 1341 487 1392 exortus
502 1340 573 1394 coci:
591 1340 678 1393 aelim
691 1340 832 1406 defendere
845 1358 906 1395 oum
920 1342 1090 1410 Buechelerc,
1110 1343 1159 1410 pai

141 1413 266 1478 impetus
287 1411 329 1464 vel
350 1411 470 1464 multtum
491 1411 533 1464 vel
555 1417 694 1464 ventosam
712 1412 850 1482 iatetlepit.
888 1411 1025 1465 obstinari
1044 1428 1158 1466 exorsus

143 1481 276 1550 Botbiue,
292 1488 439 1551 praecaute
458 1497 570 1534 exorsus
590 1481 704 1535 Aldu'ma.
741 1481 789 1535 Aa
808 1481 967 1538 obstinate?

546 1645 549 1650 ’
616 1647 688 1706 LIII

216 1756 346 1822 Servius
368 1758 403 1822 in
424 1756 503 1822 Aen.
522 1756 570 1822 IV
587 1758 653 1823 473
678 1759 712 1822 ‘a
730 1758 872 1824 Pacuuio
892 1758 1045 1824 Orestes
1067 1760 1158 1825 indu-

141 1866 233 1930 citur
250 1864 408 1948 Pyladis
431 1865 628 1929 admonitu
649 1870 808 1950 propter
826 1867 1005 1930 uitandus
1022 1866 1158 1932 Furias

140 1973 344 2057 ingressus
367 1970 565 2056 Apollinis
588 1971 786 2056 templum,
813 1973 910 2036 unde
933 1995 1015 2038 cum
1037 1975 1157 2039 uellet

141 2078 266 2162 exire,
289 2078 545 2142 inuadebatur
568 2100 587 2141 a
608 2076 758 2143 Furiis?

216 2216 296 2270 Hanc
329 2233 459 2270 scaenam
486 2215 654 2270 Hermionae
686 2216 773 2271 fuisse
806 2218 964 2288 suspicatus
993 2239 1054 2274 sum
1082 2221 1155 2276 conl.

140 2289 230 2357 Verg.
248 2288 316 2341 Aen.
335 2287 375 2341 111
390 2293 442 2341 330
452 2304 512 2356 sqq.

615 2385 685 2443 LIV

211 2495 296 2561 Non.
322 2496 399 2579 111,
419 2495 461 2558 22
494 2494 614 2559 ‘facul
641 2517 700 2578 pro
727 2496 867 2562 faciliter
890 2547 897 2559 .
917 2548 923 2560 .
944 2547 950 2559 .
973 2495 1156 2561 Afranius

140 2602 348 2668 Auctione:
375 2600 469 2664 haut
496 2601 614 2685 facul,
641 2605 683 2664 ut
706 2602 761 2666 ait
783 2601 988 2688 Pacuuius,
1015 2603 1157 2666 femina

139 2710 260 2794 <una>
283 2707 505 2771 inuenietur
528 2707 647 2772 bona'

215 2847 248 2900 In
267 2846 390 2916 Antiopa
408 2847 478 2900 haec
496 2846 598 2901 iactari
615 2849 755 2916 poterant.
783 2848 816 2901 In
832 2851 939 2916 quaest.
956 2864 1047 2904 scaen.
1061 2866 1089 2918 p.
1104 2855 1155 2903 353

142 2918 218 2986 dixi,
242 2917 318 2986 quod
340 2920 440 2986 postea
462 2917 600 2988 Bergkius
624 2919 711 2988 symb.
736 2919 766 2972 in
788 2937 904 2989 gramm.
924 2919 974 2974 lat.
993 2939 1019 2990 p.
1037 2925 1087 2974 139
1107 2921 1156 2974 ad-

142 2989 270 3057 notavit,
289 2987 402 3058 Graeci,
426 3005 483 3042 non
500 2989 587 3059 patrii
605 2993 707 3060 poetae
726 2991 813 3044 verba
833 2989 924 3045 videri
942 2991 973 3045 in
992 2991 1156 3046 Curculione

142 3060 241 3116 Plauti
266 3059 377 3114 laudari
400 3078 426 3116 v.
447 3066 497 3114 591
525 3060 688 3129 ‘antiquom
711 3065 826 3131 poetam
849 3061 946 3116 audiui
965 3062 1108 3132 scripsisse
1126 3063 1157 3115 in

141 3131 306 3202 tragoedia,
340 3130 621 3185 Mulieresduts
652 3131 788 3200 peiores
821 3135 896 3187 esse
929 3151 1026 3202 quem
1058 3150 1157 3186 unam

142 3203 343 3258 mulierem!
371 3202 486 3271 propius
506 3202 542 3256 ad
556 3203 673 3257 Pacuvii
692 3203 861 3258 sententiam
880 3204 990 3258 accedit
1001 3205 1083 3258 Mero.
1095 3210 1155 3259 512.

215 3327 286 3382 haut
305 3327 343 3395 H,
362 3325 559 3382 Lachmamaas
577 3329 627 3380 aut
645 3348 667 3394 φ
721 3344 778 3380 una
796 3327 1001 3395 Laebmeaaaa
1020 3343 1069 3380 mn.
1089 3347 1111 3380 ω

143 3400 287 3454 Pacuuiae
314 3400 460 3466 sculpserat
486 3400 612 3466 fortasse:
640 3397 725 3450 Haud
752 3397 837 3451 facile
864 3397 970 3451 femina
993 3396 1091 3469 (uua)
1114 3399 1156 3452 in-

141 3469 274 3524 uenietur
296 3468 385 3536 bona,
410 3471 467 3523 cisi
488 3470 557 3536 forte
580 3471 690 3524 creticos
712 3469 783 3521 baut
806 3468 882 3522 facul
904 3467 1010 3522 femine
1033 3483 1090 3522 una
1113 3472 1156 3524 in-

141 3539 257 3616 uenitur
274 3540 349 3593 bona
364 3541 490 3609 praefers
