2618 3900
170 176 234 238 152
554 176 591 229 M.
610 175 790 230 PACVVIVS

167 351 328 403 procreasse
356 335 460 389 dicitur
487 336 606 390 eundem
634 337 798 390 Ροοζοοοοοαο
822 334 894 389 filios
922 333 976 389 tibi
1004 354 1030 405 p.
1060 335 1182 389 eandem

173 407 282 460 Vossius
301 405 374 460 filios
393 406 447 460 sibi
465 423 626 476 procreasse
645 409 705 476 (om.
726 406 855 477 eundem)
868 408 994 461 Bothius.
1032 408 1183 462 Trochueos

168 479 224 546 epse
242 480 307 532 olim
322 480 447 548 mastali
463 478 536 532 lilios
558 505 575 550 1.
597 477 652 530 sibi
670 496 696 546 p.
717 477 837 531 eundem
854 496 881 547 p.
902 477 930 532 C.
950 495 974 531 a.

640 645 709 703 XLI

170 745 336 811 Calidonia
360 748 457 812 altrix
480 749 566 812 te'rra
589 750 820 832 exuperantrim
843 748 951 812 uirum

239 868 328 922 Varro
353 869 387 922 de
410 868 428 922 l.
448 868 466 922 l.
486 868 537 922 VII
553 873 585 921 18
600 869 637 922 M.
677 867 853 923 ‘Pacuium
882 868 1052 937 Calydonia’
1072 885 1094 922 e.
1115 887 1142 938 q.
1158 887 1182 923 s.

170 940 213 992 ‘ut
241 955 308 1008 ager
335 939 523 1006 Tusculanus,
552 939 592 992 sic
620 939 790 1008 Calydonius
818 956 886 1009 ager
912 943 968 1008 est,
996 957 1052 994 non
1081 942 1181 994 terra.'

170 1009 297 1075 Quadrat
319 1010 376 1064 fere
400 1027 434 1064 ex
452 1009 595 1079 Euripidis
616 1009 709 1064 Oeneo
727 1009 759 1064 ir.
776 1016 827 1064 55ss
847 1011 894 1064 N'.
933 1007 953 1066 ὦ
977 1020 1027 1080 γῆς
1048 1012 1184 1084 πατρῴας

169 1090 249 1150 χαῖρε
268 1079 402 1150 φίλτατον
421 1079 509 1136 πέδον
526 1084 703 1149 Καλυδῶνος,
722 1098 779 1150 quo
797 1084 889 1136 motus
903 1081 1055 1136 Periboeae
1074 1082 1129 1136 hoe
1146 1083 1183 1139 fr.

168 1151 348 1206 inserendum
366 1168 427 1206 esse
446 1152 560 1206 conieci.
625 1160 627 1164 '

240 1257 453 1312 exuberantium
472 1259 549 1314 sior.

635 1338 719 1397 XLII

115 1455 168 1502 405
701 1439 823 1503 labitur

171 1597 418 1610 .......
451 1545 575 1609 trabiea
597 1546 632 1610 in
654 1545 772 1610 alueos.

241 1665 324 1720 Pauli
337 1667 437 1720 Festus
450 1685 477 1736 p.
493 1673 544 1720 367
559 1667 596 1720 Μ.
627 1667 779 1721 ‘trabioa
796 1666 887 1736 nauis,
907 1666 982 1734 quod
999 1667 1038 1720 sit
1051 1669 1184 1723 trabibus

171 1738 288 1792 confixa.
325 1737 477 1793 Pacuuius:
496 1737 617 1792 labitur'
639 1755 661 1792 e.
682 1757 707 1807 q.
728 1757 749 1794 s.

242 1851 258 1896 2
278 1843 359 1896 alueo
378 1845 527 1913 Ducarius,
550 1847 614 1912 fort.
632 1853 708 1900 reete.
747 1845 839 1900 Possis
861 1847 944 1900 etium
965 1847 1005 1900 sie
1027 1847 1183 1914 disponere:

170 1914 281 1968 trabiea
294 1913 401 1968 ltbitur
416 1915 420 1986 Ι
436 1913 466 1967 in
477 1915 572 1970 alueos
582 1923 639 1985 aut,
653 1923 685 1970 at
694 1923 783 1972 mouet
792 1918 861 1985 Bae,
875 1916 987 1970 labetur
996 1916 1147 1971 trabioain
1157 1935 1184 1974 a.

626 2083 726 2142 XLIII

170 2182 256 2248 Ndm
288 2182 316 2246 si
346 2204 427 2267 quae
455 2187 609 2248 euentura
636 2188 712 2248 sunt
738 2184 943 2271 prouidesnt‚
975 2185 1186 2269 aequiparent

808 2290 889 2356 Ioui.

244 2409 352 2464 Gellius
370 2409 435 2464 XIV
450 2416 478 2480 1,
493 2416 528 2464 34
552 2413 680 2481 ‘praeter
701 2412 771 2466 haee
794 2416 890 2467 autem
910 2455 915 2466 .
933 2456 938 2467 .
955 2457 961 2467 .
980 2411 1071 2466 multa
1095 2413 1185 2467 etiam

172 2481 287 2536 memini
319 2484 466 2551 poetarum
493 2485 621 2536 ueterum
648 2483 825 2552 testimonia,
857 2483 960 2552 quibus
987 2483 1185 2538 huiuscemodi

173 2554 308 2622 ambages
331 2552 496 2608 fallaciosae
519 2553 712 2622 confutantum
740 2570 774 2608 ex
796 2554 899 2622 quibus
922 2558 966 2609 est
988 2554 1186 2609 Pacuuianum

172 2624 245 2678 illud
260 2668 265 2678 .
278 2669 283 2678 .
296 2625 313 2679 .’
351 2623 526 2694 Comparatis
546 2625 708 2696 Sophocleis
726 2624 779 2680 ino.
799 2625 855 2679 fab.
875 2625 908 2679 fr.
924 2632 975 2680 833
992 2625 1031 2679 N²

333 2694 394 2750 ἀλλ’
416 2697 448 2750 οὐ
467 2695 520 2765 γὰρ
539 2693 576 2751 ἂν
594 2696 629 2750 τὰ
647 2701 715 2751 θεῖα
733 2696 914 2764 novissimos
932 2701 1009 2752 θεῶν

333 2766 438 2836 μάθοις
456 2763 506 2835 dcv,
526 2766 588 2822 οὐδ’
610 2769 635 2822 εἰ
652 2766 737 2822 πάντ’
760 2764 922 2834 ἕπεξέλθοις
941 2777 1052 2824 σκοπῶν

173 2838 210 2892 ad
229 2837 366 2891 Teucrum
383 2837 457 2890 huno
476 2856 501 2892 v.
521 2837 626 2892 rettuli.

244 2961 311 2997 nam
330 2941 353 2996 si
372 2943 420 3010 qui
439 2960 511 3011 quae
530 2946 696 3015 uulpubotwr
749 2963 822 3014 quae
838 2964 887 3002 ora.
903 2947 993 3018 usqu.
1009 2947 1036 3000 Z
1087 2948 1187 3016 aequi-

172 3031 267 3085 parem
287 3015 397 3069 Vossius
1252 3029 1257 3038 '

629 3112 727 3171 XLIV

172 3212 271 3278 Nerei
294 3212 570 3296 repandirostrum
593 3215 882 3280 incuruiceruicum
904 3239 1001 3301 peous

247 3331 437 3396 Quintilianus
456 3334 469 3387 I
488 3342 517 3400 o,
533 3340 566 3388 67
594 3336 733 3390 ‘osterum
756 3336 842 3390 etiam
865 3353 899 3391 ex
922 3339 1131 3408 praepositione
1156 3347 1188 3396 et

175 3403 284 3457 duobus
303 3404 450 3459 uocabulis
469 3405 538 3458 dure
556 3405 670 3459 uidetur
689 3407 822 3461 struxisse
844 3408 984 3463 Pacuuius
1002 3454 1007 3464 .
1024 3455 1029 3464 .
1046 3412 1064 3464 .'
1093 3412 1186 3468 Varro

174 3473 242 3528 del.
257 3472 275 3525 l.
291 3473 317 3526 V
332 3479 347 3527 7
361 3475 397 3528 Μ.
419 3476 667 3542 ‘quemadmodum
685 3479 816 3546 quodque
833 3482 918 3547 poeta
932 3480 1043 3534 finxerit
1057 3483 1186 3554 uerbum,

174 3543 352 3612 confinxerit,
376 3545 532 3600 declinarit.
569 3547 623 3600 Hie
641 3549 745 3601 Pacui
763 3549 913 3603 rudentum
932 3551 1044 3620 sibilus,
1068 3553 1114 3606 hio
1132 3554 1186 3608 in-
