2624 3888
536 152 564 204 L.
585 149 711 204 ACCIVS
1065 148 1132 212 235

602 317 646 377 III

110 467 120 483 .
172 469 179 482 .
225 439 284 482 nec
307 417 370 481 tibi
392 440 443 482 me
467 419 501 481 in
523 417 583 481 hac
607 440 641 481 re
664 415 789 504 gratari
810 417 908 480 decet.

189 539 302 594 Servius
325 539 395 593 Dan.
419 539 450 592 in
472 539 540 593 Aen.
555 539 581 592 V
595 546 629 594 40
655 540 840 610 ‘gratatur]
864 517 981 606 quidam
1003 541 1132 608 gratatur

111 629 173 666 non
191 611 360 682 gratulatur,
380 610 430 664 sed
448 609 572 682 laetatur
591 609 734 679 accipiunt
750 611 821 664 ....’

605 778 648 836 IV

111 879 203 945 Nam
225 882 277 944 me
300 880 350 944 uti
371 880 499 944 credam
522 901 562 944 ex
584 883 641 944 trio
665 901 733 943 esse
756 882 947 962 conceptum
970 884 1055 964 satu,
1132 895 1183 943 515
1219 913 1222 920 ·

111 987 222 1050 Multa
244 987 433 1072 argumenta
454 986 607 1072 redigunt
630 985 773 1050 animum
797 989 829 1049 et
853 987 1053 1050 obnmouent.

186 1107 259 1162 Non.
281 1113 340 1177 1⁷4,
354 1113 388 1162 10
409 1107 501 1160 ‘satu
519 1106 643 1176 positum
660 1123 711 1176 pro
731 1106 856 1160 semine'

188 1219 202 1266 1
221 1231 289 1267 nam
311 1230 356 1267 me
379 1213 421 1267 uti
442 1215 485 1271 cir
503 1215 528 1268 d.
548 1215 891 1283 11111111118711287
910 1230 976 1268 nam
995 1230 1039 1268 me
1058 1216 1090 1267 ut
1109 1235 1130 1268 ω

110 1301 237 1354 namque
265 1301 329 1339 eum
356 1284 399 1338 uti
422 1286 540 1340 Bottias
567 1301 633 1337 nam
659 1284 724 1338 med
749 1287 782 1338 ut
804 1285 947 1340 Merceras
1018 1285 1131 1339 credam

111 1358 265 1484 ggppccffi
276 1357 410 1410 heredam
428 1377 449 1409 ω
517 1362 533 1408 2
552 1355 642 1408 multa
660 1357 779 1411 Botbc'ue
798 1358 830 1408 ut
849 1376 870 1409 ω
889 1358 933 1409 tot
952 1357 1062 1412 Vossius
1080 1359 1131 1410 tua

610 1523 638 1578 V

110 1627 195 1692 Eius
218 1626 376 1710 serpentis
399 1625 549 1710 squamae
573 1624 719 1708 squalido
744 1627 821 1689 ariro
846 1627 879 1688 et
896 1625 1039 1708 purpura
1061 1645 1130 1708 per-

756 1734 861 1795 textae

1132 1595 1183 1643 517

1132 1684 1183 1732 518

185 1853 434 1920 (retrusitque
465 1853 641 1921 ‘squalere
669 1851 744 1906 enim
771 1851 878 1905 dictum
906 1869 923 1906 a
951 1869 1131 1920 squamarum

111 1924 267 1980 crebritate
296 1924 503 1994 asperitateque
520 1922 695 1978 ....Accius
724 1922 753 1976 in
776 1922 919 1992 Pelopidis
947 1923 989 1977 ita
1018 1923 1136 1980 scribitz'

112 1997 189 2051 eius
261 1998 450 2066 pertextae.
488 1993 631 2062 Quidquid
655 1993 744 2064 igitur
760 1993 845 2047 nimis
864 1993 1037 2049 inculcatum
1055 1995 1130 2050 obsi-

111 2072 230 2136 tumque
249 2066 394 2136 aliquare
413 2069 482 2135 erat,
502 2069 534 2119 ut
552 2065 692 2119 incuteret
709 2064 866 2119 uisentibus
885 2065 958 2120 facie
977 2083 1052 2120 noua
1066 2067 1130 2121 hor-

111 2156 213 2207 rorem,
232 2139 263 2192 id
282 2137 411 2206 squalere
425 2137 591 2191 dicebatur.’
621 2136 781 2190 Macrobius
797 2136 855 2190 Sat.
870 2137 909 2192 VI
925 2143 948 2205 7,
965 2143 997 2192 18
1014 2138 1129 2207 ‘squa-

111 2211 185 2264 lere
204 2209 280 2264 enim
301 2208 407 2263 dictum
426 2209 462 2262 ab
482 2225 661 2276 squamarum
679 2207 830 2262 crebritate
850 2207 1058 2278 asperitateque
1070 2254 1075 2264 .
1088 2255 1093 2264 .
1106 2255 1128 2264 ..

112 2281 215 2336 Accius
234 2281 265 2334 in
283 2279 441 2350 Pelopidis’
471 2278 703 2348 (pelopidibus
722 2279 820 2348 Paris.)
850 2278 908 2332 ‘ita
927 2279 1037 2335 scribit:
1057 2281 1128 2334 eius’

112 2370 137 2407 e.
157 2371 185 2420 q.
205 2371 226 2406 s.
254 2350 410 2420 ‘Quidquid
429 2349 528 2420 igitur’.
548 2365 571 2404 e.
587 2367 613 2417 q.
629 2367 649 2403 s.
677 2350 749 2404 Non.
765 2355 874 2417 41111
896 2351 1072 2418 ‘squalere

113 2467 120 2479 .
133 2422 270 2478 ..Accius
289 2421 433 2491 Pelopidis
450 2466 454 2475 .
468 2466 472 2475 .
485 2422 502 2476 .’

187 2535 246 2600 leq.
262 2530 433 2584 octorroriwm
445 2529 558 2599 opaooit
571 2527 690 2582 Bottt'as
740 2543 856 2594 squama
872 2528 962 2582 Nocti
975 2549 996 2581 ω
1046 2545 1128 2595 squa-

112 2601 190 2655 lidae
209 2602 321 2656 Vossius
373 2601 500 2668 pertexte
521 2599 605 2653 Gellii
622 2610 645 2667 ψ
664 2600 826 2667 praetextae
846 2619 867 2668 φ
886 2601 981 2652 textae
1000 2599 1091 2653 Nonii
1108 2620 1129 2652 ω

600 2767 644 2824 VI

116 2870 214 2936 Cesso
238 2869 314 2934 hinc
336 2869 382 2932 ire
401 2872 434 2933 et
452 2869 564 2952 capere
582 2867 663 2932 lucti
681 2869 804 2932 uestem
823 2869 858 2932 in
875 2869 941 2934 leto
961 2869 1129 2956 coniugis?

185 2991 258 3044 Non.
279 2995 340 3058 485,
355 2995 389 3042 32
410 2989 514 3043 ‘lucti
532 3006 583 3058 pro
602 2989 714 3043 luctus.²

186 3123 286 3175 capere
305 3107 367 3160 Boc
390 3105 485 3174 lapere
503 3126 524 3160 ω
550 3121 648 3174 rapere
666 3107 725 3160 edd.
749 3082 844 3160 lairere
864 3106 981 3161 Rotts'us
1052 3105 1128 3160 laeto

115 3179 162 3233 Bo
181 3177 248 3245 leto,
268 3195 283 3231 o
302 3194 448 3246 suprascr,
467 3177 494 3230 L
513 3175 587 3230 lecto
607 3177 682 3230 HW

187 3293 327 3346 Addenda
344 3291 389 3345 his
407 3291 526 3345 fortasse
546 3307 580 3344 ex
598 3290 684 3344 Atreo
703 3291 736 3345 fr,
755 3291 846 3344 XVIII
864 3294 893 3345 11
911 3291 987 3358 ΧΙΧ;
1006 3309 1073 3345 num
1093 3292 1129 3345 ad

115 3364 193 3418 idem
216 3366 412 3434 argumentum
431 3365 559 3432 spectent
577 3361 630 3416 inc.
650 3361 704 3416 inc.
724 3362 756 3416 fr.
775 3362 849 3415 LXV
869 3365 897 3416 et
915 3361 1001 3416 LXVI
1020 3362 1128 3418 dubito,

394 3511 593 3571 Puasrnna
636 3512 712 3570 vise
735 3533 764 3589 p.
786 3515 846 3571 171
