2624 3888
512 147 542 200 L.
562 146 689 202 Accrvs
709 177 711 180 ·

523 353 525 357 -
565 315 636 373 XVI

100 415 217 480 Tamen
239 415 319 480 haut
342 416 473 482 fatiscar
496 415 575 501 quin
599 420 689 482 tuam
711 417 870 502 inplore‘m
892 415 996 482 fidem.

165 537 237 592 Non.
257 543 373 606 479,10
403 537 633 592 ‘fatiscuntur
659 554 710 607 pro
733 537 888 592 fatiscunt?
919 536 1105 607 (epinausi-

99 611 242 678 macca)
279 608 357 661 idem
375 613 475 678 307,8
510 607 691 662 ‘fatiscere
715 641 802 650 --
826 626 935 662 rursum
968 609 1103 664 deficere!

100 678 365 749 (epinausimace
383 681 417 749 ψ)

164 785 241 840 haud
256 785 393 840 Reatinae
407 787 457 838 aut
471 805 492 839 ω
502 803 532 856 p.
548 791 600 838 307
614 797 637 855 ψ
652 791 704 840 479
719 788 752 840 ut
766 787 812 841 Ba
822 803 852 856 p.
867 791 919 841 479
974 785 1105 840 fatiscam

100 877 118 910 ω
133 875 162 926 p.
177 863 230 910 479
285 855 334 924 qui
352 877 373 910 ω
388 874 418 925 p.
434 861 485 909 907

555 936 641 994 XVII

99 1037 244 1101 Lucifera
266 1037 412 1121 lampade
435 1036 574 1100 abietem
597 1038 711 1102 exurat
732 1035 821 1102 Iouis
1104 1108 1155 1156 332

102 1229 106 1238 ι
145 1157 324 1283 ePrtiscianus
342 1173 370 1226 p.
386 1163 436 1211 695
450 1157 480 1212 Ρ.
511 1159 589 1212 ‘nam
606 1157 699 1214 Iouis
717 1158 893 1213 nominatiuo
912 1175 1023 1228 queque
1037 1176 1103 1213 casu

99 1247 144 1282 rnu
160 1247 190 1282 nr
203 1247 237 1282 ur

166 1339 266 1390 exurat
283 1334 359 1389 Iouis
379 1335 495 1389 arietem
514 1357 536 1390 ω
591 1335 714 1390 abietem
731 1337 910 1392 Romaanus

164 1442 226 1495 Huc
244 1441 384 1511 pertinere
404 1441 561 1510 suspicatus
581 1459 642 1495 sum
659 1443 713 1496 inc.
733 1414 790 1496 fab.
810 1443 855 1498 IX.
874 1441 906 1496 X.
926 1441 984 1496 XII.

384 1572 565 1632 ERIGONA
600 1574 676 1633 Vide
698 1596 727 1650 p.
749 1577 811 1635 164

377 1715 582 1774 ERIPHYLA
621 1715 693 1774 Vide
712 1736 741 1793 p.
761 1717 824 1776 203
935 1807 938 1812 Ι

483 1855 716 1916 EVRYSAOES
824 1856 826 1862 ’
940 1879 943 1886 ·

164 1973 321 2027 Eversrcns
336 1976 401 2028 acta
415 1990 440 2028 a.
452 1979 503 2028 697
518 1972 593 2044 (vide
603 1973 743 2028 Ciceronis
757 1973 920 2030 testimonia
930 1975 967 2030 ad
976 1975 1009 2032 fr.
1019 1975 1103 2047 XIII.)

103 2041 168 2098 ludis
192 2061 262 2112 quos
287 2044 384 2099 consul
401 2044 430 2098 Ρ.
452 2043 595 2098 Cornelius
614 2045 749 2099 Lentulus
772 2045 896 2101 faciebat
919 2050 969 2101 aut
990 2047 1102 2102 dedica-

102 2114 173 2170 toriis
201 2118 251 2170 aut
276 2114 440 2170 funebribus
464 2115 610 2184 aliquanto
635 2119 701 2171 ante
724 2117 840 2172 comitia
863 2116 908 2171 die
932 2117 1045 2172 Sextilis
1064 2118 1102 2171 IV

102 2183 192 2240 habita
210 2185 368 2240 celebratis.

578 2267 593 2324 I
598 2269 612 2296 8

179 2366 275 2433 Nunc
296 2369 355 2452 per
377 2371 479 2432 terras
502 2389 618 2454 uagus,
641 2368 792 2452 extorris,
814 2405 817 2412 ·

182 2473 294 2560 Regno
319 2467 521 2558 exturbatus,
544 2473 630 2537 mari
673 2525 680 2538 .
725 2523 732 2538 .

163 2594 233 2650 Non.
250 2599 291 2663 14,
306 2599 340 2648 27
361 2595 524 2648 ‘extorris
543 2593 647 2648 dicitur
666 2597 744 2649 extre
762 2597 865 2649 terram
884 2594 930 2649 uel
949 2598 1028 2650 extre
1045 2597 1101 2650 ter-

103 2661 190 2719 minos
228 2665 329 2719 Accius
348 2665 488 2735 Eurysace
507 2667 543 2738 [1.
564 2667 612 2738 2].'

34 2829 36 2834 ,
164 2772 334 2841 Anapaestos
351 2779 376 2826 ct
394 2773 476 2827 furius
494 2780 519 2827 et
535 2774 571 2840 fr.
590 2770 618 2825 Ib
636 2775 748 2843 acuerit
766 2772 887 2844 Scaliyer
958 2780 1015 2844 leq.
1033 2781 1102 2830 recte

104 2839 225 2916 depaseit
239 2843 428 2912 Hcrnmrmrs,
447 2844 530 2899 trocb.
547 2850 646 2912 septen.
665 2845 764 2898 nculact
777 2845 920 2915 Bequiae.
974 2845 1102 2915 Sapplcri

101 2921 205 2975 meant
222 2916 303 2969 varta
320 2916 404 2970 velut:
423 2913 550 2982 marique
569 2913 641 2968 citus
659 2917 700 2970 cel
717 2911 789 2968 r'nari
807 2917 905 2969 uectus

577 3039 612 3105 ΙΙ)

154 3161 155 3164 ’
181 3145 282 3232 Super
304 3145 569 3234 'Oceani‘stagna
592 3147 657 3212 alta
679 3149 780 3233 petris
1102 3165 1153 3213 335

224 3253 395 3319 Terrarum
419 3254 561 3318 anfracta
584 3253 732 3320 reuisam.
771 3241 774 3249 ⁵
1223 3247 1225 3254 ¹

164 3373 232 3430 Non.
253 3354 346 3444 193,1
374 3375 585 3429 ‘anfractum
604 3407 637 3417 -
657 3408 690 3416 —
709 3378 809 3431 neutro
832 3376 933 3430 Accius
961 3376 1101 3446 Eurysace
1172 3417 1175 3424 .

104 3437 134 3558 ΕΙ.
152 3445 197 3516 9].’
234 3446 322 3529 Varro
343 3447 377 3501 de
396 3446 414 3500 l.
433 3446 451 3500 l.
467 3446 519 3500 VH
534 3453 566 3500 15
581 3447 618 3503 M.
657 3447 750 3515 ‘quod
772 3450 827 3503 est:
851 3450 1020 3529 terrerum
1044 3465 1102 3530 an3

118 3517 206 3571 recta
228 3533 389 3587 renisam,
418 3517 576 3572 anfractum
600 3521 643 3571 est
664 3517 780 3586 flexum,
803 3518 840 3571 ab
864 3533 972 3601 ungine
995 3519 1102 3589 duphcr

1104 991 1277 1068 391,ἶ
