2630 3886
209 141 274 205 288
383 141 432 194 ΕΧ
450 139 616 195 usdraus
634 140 874 195 INOERTORVM
892 138 1044 193 FABVLIS

213 301 417 372 Wesenberpius
480 307 504 353 '2
524 300 591 355 Grai
614 300 674 355 lora
697 303 772 370 epist.
797 301 872 355 Med.
892 299 954 354 Pal.
974 300 1057 354 Harl.
1078 298 1150 368 Graj
1180 316 1241 352 ora

208 371 405 427 Lachmanaus
476 377 493 424 3
517 389 580 425 cum
607 389 637 426 re
666 370 789 426 concidit
812 393 841 441 χ,
869 372 1011 426 Beothius
1036 385 1066 424 re
1096 370 1242 424 concidit
1278 379 1279 384 ’

209 444 293 498 Bora.
313 445 345 497 irc
362 462 414 514 mp.
433 459 492 496 rem
510 442 638 497 condidit
656 443 722 513 Rep.
743 443 815 497 Gau.
834 443 924 497 Brisa.
945 443 1018 496 Puu.

691 573 732 632 LI

194 669 195 672 ¹
211 675 297 753 Quae
321 677 387 740 isim
410 676 565 740 terribilis
584 680 639 740 tria
657 679 788 760 pectora
806 675 929 759 turbat,
951 674 1092 738 terrifico
1112 677 1241 740 sdnitu
1279 677 1280 686 ’

476 773 478 776 ’
847 781 966 865 inpulit
989 781 1054 845 —‘?

281 895 422 948 LI—LHI
435 894 534 964 fragm.
550 895 585 948 de
598 897 677 948 metr.
690 893 766 949 OGL.
777 894 816 948 VI
826 893 918 948 6⁴14K.
940 892 1142 947 ‘Aristoboh‘us
1159 895 1240 966 [LIJ.

211 965 258 1020 hio
277 965 409 1020 circuitus
427 965 517 1035 magis
532 983 618 1034 quam
630 982 727 1019 uersus
742 967 791 1020 est.
820 964 971 1033 Dactylum
985 964 1113 1018 crebrum
1125 965 1240 1033 habet,
1280 988 1281 1018 r

211 1055 306 1091 rarum
333 1035 489 1106 spondium.
526 1038 621 1090 Paeon
648 1035 835 1090 duodenarius
859 1035 939 1108 [mu.
968 1038 997 1089 et
1018 1034 1065 1088 hie
1088 1033 1239 1090 circuitus

212 1106 303 1178 magis
321 1125 407 1176 quam
420 1124 517 1161 uersus
532 1111 584 1163 est.
611 1107 677 1160 huic
691 1108 852 1161 suberunt*
862 1124 879 1162 s
891 1105 1032 1176 (‘subcrit'
1049 1109 1076 1177 ς)
1091 1106 1239 1162 denarius

213 1179 318 1249 [Lffl].’
356 1179 597 1248 (Archebulius
620 1178 682 1234 Nic.
701 1177 816 1233 L'censis
835 1178 936 1248 Epiph.
955 1178 981 1232 V
996 1181 1029 1247 8).
1067 1178 1239 1248 Anapaesti

214 1249 372 1303 tetrametri
391 1253 419 1304 et
441 1266 564 1320 paeones
588 1267 605 1303 a
627 1249 775 1320 tragoedia
794 1249 879 1304 alieni
897 1249 1050 1303 habentur:
1073 1247 1108 1302 cf.
1127 1251 1238 1304 coroll.

213 1320 300 1375 LXVI
310 1339 369 1390 sqq.
395 1325 470 1375 certe
493 1321 551 1375 alia
574 1321 675 1374 desunt
694 1320 833 1390 exempla;
858 1320 985 1388 dactylos
1004 1320 1119 1373 subesse
1138 1322 1239 1375 sentit
1281 1308 1282 1366 t

213 1392 280 1446 Bue.
319 1392 472 1446 sententias
498 1393 597 1446 horum
620 1391 705 1445 trium
723 1391 944 1462 fragmentorum
960 1408 1018 1444 non
1037 1390 1146 1445 alienas
1168 1409 1237 1447 esse

215 1480 232 1516 a
249 1463 366 1516 Pacuvii
383 1463 492 1532 Niptris
510 1462 607 1517 monui
624 1463 690 1516 hist.
709 1466 781 1533 trag.
797 1469 856 1518 276.
894 1461 1004 1516 Similia
1022 1465 1054 1515 ut
1072 1462 1105 1516 fr.
1124 1463 1179 1516 LII
1189 1483 1235 1532 sq.

215 1534 333 1603 praebet
350 1534 468 1588 Plautus
486 1534 562 1588 'Prin
583 1539 651 1588 1176
670 1535 772 1589 Bacch.
789 1540 865 1587 1120.

287 1626 359 1700 quae
385 1634 445 1685 tam
467 1634 586 1688 Bottius
607 1633 798 1703 (iutellcpcadc
820 1649 876 1685 uox
898 1631 946 1700 est)
970 1630 1110 1698 quaedam
1134 1632 1235 1687 Goion.
1282 1633 1283 1644 *

268 1703 339 1756 tuba
357 1704 493 1774 Bcrpkias
557 1702 708 1757 terrificum
727 1703 850 1756 sonitum
868 1703 986 1757 Bothius
1035 1701 1146 1778 ¹intulit
1168 1705 1234 1759 Vat.

693 1834 749 1893 LII

217 1925 296 2003 Quis
318 1949 426 1991 meum
449 1929 619 1992 nominans
641 1929 758 1992 nomen
781 1929 900 2012 (aede)
924 1927 1048 1992 e'xoiet?

218 2031 298 2110 Quis
321 2034 464 2096 tumultu
486 2033 641 2098 inuocans
662 2034 841 2098 incolarum
863 2034 960 2098 fidem
979 2034 1043 2097 —?

290 2144 394 2198 laede
417 2145 626 2214 Lachmacuas,
654 2163 703 2201 orn.
729 2146 784 2200 Uol.
857 2153 872 2200 2
891 2145 1015 2200 tumultu
1038 2146 1163 2218 Scaliycr
1187 2151 1233 2202 tu-

217 2214 337 2318 multum
357 2215 411 2270 Col.
685 2295 758 2353 Lm

228 2385 293 2463 Qui
313 2369 427 2471 repens
449 2387 722 2471 semi<s0mnum>
747 2389 841 2451 <inere
863 2389 994 2472 pulsans
1017 2390 1110 2474 graui

169 2520 219 2568 100
229 2492 340 2578 (Has)
362 2493 461 2580 fores,
484 2494 608 2577 cre'pitu
630 2495 751 2557 terret?

293 2612 355 2676 lsq.
375 2607 459 2661 Rodii
477 2609 514 2661 ad
528 2608 690 2676 proccdcsc'u
762 2605 930 2676 semipulsus
953 2623 1036 2660 onere
1056 2607 1137 2678 graui
1155 2607 1230 2662 fores

220 2676 328 2746 crepitu
346 2679 453 2731 terrent
470 2678 525 2732 Col.
580 2679 630 2745 qui
647 2695 667 2731 r.
688 2676 855 2747 semipulsr‘rs
869 2693 952 2731 onere
966 2680 1048 2748 graui
1060 2677 1134 2732 fores
1150 2681 1154 2748 Ι
1170 2683 1229 2734 cre-

219 2747 296 2818 pitus
316 2747 442 2801 adfertur
460 2751 489 2802 et
507 2750 593 2802 terret
610 2750 663 2818 (vel
681 2750 832 2818 exterrens)
850 2749 913 2804 Bur

220 2971 299 3037 Ioue
321 2973 413 3055 patre
435 2976 613 3058 prognatus
636 2881 761 3056 estffit
778 2972 962 3058 perhibent,
985 2972 1152 3058 Tantalus,

129 3141 131 3146 .
221 3078 274 3142 Ex
297 3077 432 3143 Ta‘ntclo
456 3083 546 3143 ortus
567 3079 698 3164 Pdops‚
721 3101 760 3143 ex
782 3079 901 3164 Pelope
924 3081 1032 3144 autern
1054 3084 1143 3144 satus

221 3184 355 3270 Atreus,
378 3186 434 3269 qui
457 3189 603 3250 nostrum
625 3188 722 3270 porro
745 3186 903 3271 propagat
925 3207 1034 3271 genus.

295 3295 484 3361 Quintilianus
498 3298 536 3351 IX
550 3304 579 3368 3,
594 3303 627 3352 57
648 3297 807 3353 ‘inuenitur
825 3298 900 3368 apud
918 3301 1017 3367 poetas
1040 3299 1160 3367 quoque’
1180 3303 1228 3369 (so.

221 3365 365 3438 gradatio)
395 3369 442 3422 ‘ut
469 3369 545 3438 apud
567 3369 718 3423 Homerum
745 3370 780 3423 de
809 3372 931 3439 sceptro,
960 3369 1036 3438 quod
1063 3386 1081 3424 a
1105 3371 1169 3424 Ioue
1191 3372 1228 3426 ad

224 3437 462 3505 Agamemnonem
475 3456 564 3507 usque
579 3439 706 3496 deducit:
725 3443 754 3495 et
768 3441 843 3512 apud
857 3442 1010 3495 nostrum
1023 3439 1111 3495 etiam
1123 3444 1174 3496 tra
1200 3442 1226 3495 i-

225 3525 309 3562 cum:
342 3509 435 3562 Ioue’
465 3526 487 3564 e.
514 3528 540 3578 q.
567 3528 587 3564 s.
629 3509 777 3566 Diomedes
805 3531 831 3582 p.
855 3518 907 3566 443
927 3513 956 3566 P.
1001 3511 1107 3566 eisdem
1138 3460 1225 3567 vertis
1270 3549 1274 3558 .
