2624 3888
102 1358 137 1406 34

103 1446 136 1494 35

153 155 217 220 162
569 155 596 208 L.
616 155 743 210 ACCIVS

635 324 682 382 III

152 426 257 490 Derim
275 428 426 512 regnator
444 425 538 489 necte
558 446 650 490 caece
663 425 787 488 eaelum
801 446 818 488 e
833 427 1005 508 conspeetu
1020 425 1168 490 tbstulit.

225 547 336 601 Servius
354 547 425 601 Dan.
446 547 476 600 in
495 547 562 602 Aen.
582 547 595 599 I
613 533 848 616 88'‘eripiunt‚
867 547 886 600 i.
906 563 928 600 e.
950 546 1126 600 abstollunt!

635 713 679 772 IV

153 817 260 881 Flrieti
283 815 538 888 inmiserie6rdes
561 815 677 898 iacere,
700 816 804 878 taetre
827 815 966 879 adnexa
989 816 1129 880 adh'dere

224 939 297 992 Non.
317 941 426 1004 488,12
447 935 566 989 ‘flucti
584 953 634 1006 pro
652 936 762 990 fluetus.
799 935 900 990 Accius
919 935 1016 990 Telefo
1089 936 1167 990 idem

155 1006 411 1078 Clytaemystra
426 1051 431 1062 .
444 1051 449 1062 .
462 1008 480 1062 .’
824 1007 825 1010 ’

225 1117 318 1168 taetra
332 1113 472 1168 Mereerus
491 1115 586 1167 aetere
600 1115 647 1169 Ba
666 1117 695 1168 et
713 1117 792 1168 aetra
807 1135 828 1183 φ
845 1121 952 1184 excepto
965 1115 1004 1169 W
1014 1115 1061 1184 qni
1079 1121 1167 1169 totu-m

154 1203 246 1242 vernus
264 1187 410 1240 dimidium
428 1187 527 1240 omittit

644 1282 672 1338 V

155 1385 289 1450 Pectore
317 1383 503 1448 incohatum
530 1384 653 1448 fulmen
678 1383 840 1448 flemmem
864 1383 1046 1449 ostentabtt
1068 1383 1166 1448 Iouis,

227 1505 337 1561 Servius
362 1505 433 1560 Dan.
461 1505 491 1558 in
513 1506 582 1560 Aen.
607 1507 673 1558 144
703 1505 801 1558 ‘illum
828 1504 1003 1574 expirantem
1029 1505 1166 1559 transfixo

155 1580 268 1648 pectore
291 1577 418 1630 flammas
437 1575 560 1649 Turbine
584 1575 738 1700 corripuit}l
749 1577 856 1630 Probus
876 1579 905 1630 et
922 1579 1075 1646 tempore
1093 1575 1167 1646 legit

214 1650 264 1702 sed
287 1647 336 1716 qui
359 1647 458 1716 legunt
479 1650 631 1716 pectore,
656 1647 690 1701 de
739 1647 798 1701 ecio
822 1647 991 1702 translatum
1015 1647 1166 1715 affirmant,

157 1719 205 1788 qui
229 1719 270 1774 eit
293 1719 323 1771 in
342 1718 527 1787 Clytemestra
550 1719 585 1772 de
603 1718 707 1772 Aiace
724 1719 776 1773 ...'
815 1719 1010 1774 Antecedebat
1027 1718 1096 1784 fort.¹
1110 1718 1165 1774 ine.

156 1791 210 1846 inc.
230 1790 287 1844 fab.
307 1789 384 1844 XXI:
404 1788 438 1842 cf.
457 1791 528 1858 trag.
548 1790 627 1845 Rom.
642 1795 702 1844 463.

227 1895 258 1948 in
270 1897 383 1964 pectore
394 1893 512 1962 Servius,
526 1897 598 1965 quod
610 1897 675 1950 olim
688 1897 720 1950 θη
733 1897 809 1952 exttu
822 1913 913 1952 versus
923 1898 1007 1967 posui
1059 1895 1166 1950 fulmen

157 1967 321 2020 inchoatum
340 1966 462 2020 Servius:
481 1967 516 2034 cf.
534 1967 624 2020 corolt.
644 1967 671 2048 L

639 2133 683 2191 VI

162 2234 226 2299 err
248 2255 300 2298 me
323 2233 472 2298 miseram
495 2234 627 2320 inridet,
649 2236 775 2322 magnis
798 2237 979 2320 etmpotem
1003 2240 1035 2301 et
1054 2237 1168 2301 multis

795 2343 910 2407 malis?

229 2463 301 2519 Non.
317 2467 377 2530 521,
392 2467 426 2516 27
447 2463 652 2531 ‘compotem
670 2463 762 2518 bonae
780 2463 821 2517 rei
840 2464 931 2518 solum
949 2463 1006 2518 diei
1024 2463 1168 2518 existima-

158 2539 212 2606 tur,
232 2552 296 2589 cum
314 2533 401 2588 etiem
419 2533 495 2588 mele
513 2533 544 2586 in
562 2551 591 2588 re
609 2533 733 2604 positum
752 2534 807 2590 sit’

229 2658 309 2696 meae
322 2653 360 2712 ψι
375 2658 414 2696 an
427 2655 488 2694 mee
502 2639 629 2696 Acciana
642 2640 800 2712 scriptura?
818 2643 853 2710 ef.
867 2659 891 2696 v.
907 2647 923 2696 8
938 2649 963 2697 et
978 2647 1011 2696 53
1056 2642 1169 2712 magnis

163 2715 278 2784 Lipsius
295 2711 386 2781 magis
405 2732 426 2764 ω

557 2823 561 2832 “
633 2809 692 2868 VII

161 2909 290 2990 Sessrem
303 2908 386 2972 hane
400 2908 481 2972 mihi
495 2911 676 2994 supremam
690 2911 795 2975 lucem
810 2915 842 2975 et
855 2911 967 2976 se‘ruiti
981 2911 1079 2976 finem
1091 2913 1170 2978 dari.

230 3039 302 3094 Non.
322 3044 414 3109 226,8
435 3039 628 3112 ‘[seruitus]
647 3040 759 3095 neutri!

232 3153 331 3210 seruiti
349 3155 467 3210 Bottius
486 3154 630 3209 seruitutis
650 3155 779 3225 (seruitas
798 3157 833 3226 L)
853 3179 874 3211 ω
894 3156 1002 3211 seruitii
1022 3157 1132 3213 Vossius

626 3307 701 3365 VHI

163 3456 170 3469 .
195 3456 201 3470 .
225 3455 232 3470 .
255 3410 293 3470 ut
315 3409 396 3491 quae‘
419 3412 490 3472 turn
513 3408 677 3472 absentem
700 3408 795 3472 rebus
819 3408 925 3473 dubiis
948 3408 1117 3494 e6niugem

163 3511 333 3596 Tetinerit‚
355 3535 441 3578 nune
462 3514 579 3598 pr6det
600 3515 762 3578 ultorem?
