2618 3900
559 181 590 246 Ο.
609 182 745 245 ENNIVS
1118 185 1157 248 71

145 340 212 400 ille
231 340 322 394 alter
340 339 375 392 in
395 339 521 410 Chryse
593 341 681 410 Atqui
699 341 772 396 dixit
789 342 912 396 Accius
937 343 1002 415 [ine.
1022 343 1079 399 fab.
1098 344 1157 470 Vll)

145 413 214 465 Non
231 410 324 479 Accii,
348 414 380 464 ut
401 410 432 466 (t.
452 411 628 466 Hermannus
652 429 745 482 opusc.
764 413 791 466 V
805 419 856 468 142
879 413 981 484 voluit,
1006 415 1051 468 cui
1070 415 1126 469 Lac
1147 448 1158 457 -

144 499 267 536 mannus
290 481 321 535 in
343 482 423 536 Lucr.
441 482 455 536 I
474 487 525 538 7⁷8
549 483 686 553 adsensit,
716 484 766 538 sed
788 484 873 538 Ennii
895 501 929 539 ex
951 485 1101 554 Achille,
1126 491 1159 540 ut

145 553 273 620 videtur,
301 569 397 607 versus
425 569 485 608 esse
513 571 578 607 cum
604 553 667 624 ipsa
690 555 830 610 Ciceronis
858 556 944 610 verba
972 557 1074 611 docent
1096 560 1158 611 tum

144 623 273 749 {enetiri
286 623 447 678 Hectoris
465 643 491 679 v.
507 631 559 679 325
578 641 720 682 mensura:
740 627 774 681 cf.
790 626 869 680 Accii
887 626 941 683 inc.
960 627 1017 682 fab.
1032 628 1148 682 XXXVI

171 695 233 748 nnii
251 713 277 750 r.
297 701 330 749 92
342 713 382 764 sq.

221 792 450 863 lPatrioolesa
477 793 656 866 Patroclesx
745 798 913 866 toppetam
935 797 1019 852 Besa.
1043 815 1077 852 aa.
1099 800 1156 867 alt,

143 875 222 920 meus
242 864 328 920 Oeen.
345 865 424 920 Lae.
463 865 643 920 'mandatam
661 887 682 920 ω
702 867 799 921 datam
817 869 959 922 Bentleiae
1017 868 1083 924 Post
1100 875 1156 924 aa

143 943 172 992 et
191 941 207 988 3
227 938 341 990 laetatae
358 938 457 992 statui:
475 938 510 1004 cf.
529 939 620 992 corott.
634 937 750 991 XXXJV
804 943 820 992 6
838 937 913 1007 potis
928 940 1045 994 Bottiae
1063 943 1157 1009 potest

143 1028 168 1061 ω
242 1009 407 1075 Speratum
425 1009 568 1063 Bentleias
640 1008 805 1077 teloquere
823 1025 940 1078 propere
958 1010 1095 1082 Raetias

144 1083 183 1132 10
200 1077 275 1146 potis
294 1079 429 1134 Davisius
446 1081 542 1149 potest
560 1100 593 1148 a*
642 1086 673 1134 11
694 1096 786 1134 aorem
804 1097 853 1136 om.
874 1082 928 1136 daeo
949 1081 1050 1151 Ocea,
1069 1083 1155 1140 Beat-

143 1150 224 1217 lee'es‚
244 1151 363 1216 defendit
380 1151 517 1222 Berytias

498 1332 535 1395 eo
559 1352 618 1416 ego
641 1331 771 1416 ingenio
794 1333 889 1396 natus
912 1355 996 1398 sum:

141 1433 301 1520 <Aeque>
342 1437 516 1501 amicitiam
558 1438 655 1521 sitque
695 1437 898 1502 inimicitiam
938 1439 973 1504 1‘n
1013 1441 1155 1504 frontem

783 1546 967 1629 promptim
989 1567 1074 1632 gero,

218 1654 325 1708 Gellius
344 1655 408 1708 XIX
422 1659 478 1724 8‚6
499 1655 693 1710 ‘inimicitiam
712 1659 808 1710 autem
826 1656 857 1722 Q.
876 1657 1005 1711 Ennius
1024 1658 1059 1711 in
1077 1658 1152 1712 illo’

140 1724 293 1794 (Achille
312 1725 383 1780 coni.
402 1729 432 1796 a)
457 1726 758 1781 ‘memoratissimo
781 1727 887 1782 libro’
910 1727 996 1798 (loeo
1020 1728 1152 1786 Oiselius:

141 1796 180 1850 cf.
202 1795 290 1850 ‘liber
307 1796 391 1850 Acci'
411 1797 485 1850 Pers.
504 1797 575 1867 Ire)
597 1797 691 1852 ‘dixitz
712 1815 757 1867 ee,
777 1797 877 1868 inquit,
897 1798 1022 1880 ingenio'
1043 1817 1065 1854 e.
1085 1819 1111 1870 q.
1131 1819 1152 1856 s.

140 1867 255 1921 Nonius
273 1886 299 1937 p.
316 1874 377 1937 129,
393 1874 427 1922 26
448 1867 653 1922 ‘inimicitia
671 1885 787 1923 numero
807 1869 951 1940 singulari.
980 1871 1086 1925 Ennius
1098 1917 1103 1928 .
1117 1917 1121 1928 .
1134 1874 1151 1928 .’

140 1938 185 1994 Cf.
205 1938 321 1993 Homeri
338 1939 369 1994 ll.
389 1938 493 1992 IXe1e
518 1939 619 2010 ἐχθρὸς
642 1937 694 2010 γάρ
719 1961 766 2010 μοι
789 1949 880 2004 κεῖνος
904 1941 976 2012 ὁμῶς
994 1943 1082 1998 Ἀΐδαο
1100 1945 1153 1998 πύ-

139 2015 233 2082 λῃσιν,
250 2007 298 2072 Ὅς
316 2009 344 2080 χ’
361 2009 456 2079 ἕτερον
474 2009 525 2080 μὲν
544 2010 635 2082 κεύθῃ
655 2008 698 2066 ἐνὶ
716 2014 823 2080 φρεσίν,
843 2011 909 2067 eea
928 2011 959 2068 et
980 2014 1051 2086 εἴπῃ.
1079 2016 1154 2070 Nam

140 2098 180 2136 ex
197 2081 336 2134 Achille
354 2081 424 2135 haec
444 2097 554 2150 quoque
572 2081 705 2136 videntur
723 2085 834 2152 sumpta
853 2099 921 2138 esse.

1149 673 1156 697 t

217 2185 278 2249 leq.
302 2181 439 2234 trochaeos
456 2181 614 2234 etiamaeeae
628 2181 751 2249 praetate'
768 2183 926 2250 anapaestis
944 2184 1095 2240 elambibae
1111 2187 1153 2241 oet

138 2252 242 2304 laceris
313 2266 365 2320 ego
389 2268 438 2304 om.
460 2251 566 2306 Gallias
637 2250 803 2305 2amicitia
825 2253 908 2307 modo
928 2253 1108 2310 inimicitiam
1125 2258 1153 2311 L

137 2321 235 2376 Nonii
252 2319 430 2374 inimicitiam
449 2324 534 2390 atque
553 2320 708 2375 amicitiam
725 2324 790 2377 olim
804 2325 889 2393 puerei
958 2325 1050 2381 fronte
1070 2327 1150 2384 Garat.

137 2393 236 2447 Patat.
253 2392 345 2460 Gellii,
363 2393 453 2447 Noae’a'
466 2393 589 2461 Moatep.
609 2391 712 2447 frontei
725 2411 746 2448 a
793 2397 985 2464 expromptam
1004 2397 1151 2454 Fraterias

196 2479 230 2516 eo
249 2479 301 2532 ego
320 2462 434 2532 ingenio
452 2463 544 2516 Natus
563 2480 636 2518 sum:
656 2463 811 2518 amicitiam
829 2483 849 2520 e.
869 2485 893 2535 q.
912 2484 932 2520 s.
953 2467 1014 2521 Bae

231 2685 358 2771 tMeao
380 2688 447 2752 tam
470 2687 556 2772 potis
578 2594 670 2773 paoli
688 2687 787 2772 potiri

212 2799 311 2854 Festus
330 2819 356 2870 p.
373 2805 425 2854 360
439 2799 475 2852 M.
498 2799 619 2868 ‘antiqui
637 2801 708 2853 tam
726 2799 813 2854 etiam
830 2817 880 2870 pro
899 2804 995 2857 tamen
1013 2803 1058 2858 usi
1076 2809 1149 2877 sunt,

135 2872 174 2923 ut
187 2901 221 2909 -
236 2869 355 2926 Ennius:
374 2870 423 2925 ille
437 2871 532 2924 meae’
549 2886 571 2929 e.
587 2888 613 2938 q.
629 2888 649 2926 s.
678 2871 837 2940 (Achille
856 2889 949 2928 meae
968 2875 1149 2934 conieceram.

133 2940 177 2994 in
195 2939 319 2996 Nemea
336 2942 408 3012 Bne)

213 3038 254 3094 Et
279 3041 387 3094 aamera'
408 3041 507 3094 lacerti
529 3047 554 3095 et
575 3042 658 3096 verba
735 3041 784 3096 ille
807 3045 980 3098 macerari:
1007 3062 1031 3100 e.
1054 3062 1149 3116 supra.

135 3108 192 3162 illa
210 3125 255 3164 me
269 3110 448 3166 Hemaaas
466 3113 534 3166 coat.
555 3111 626 3166 Eua.
641 3113 708 3168 Her.
725 3119 776 3166 277
830 3112 861 3166 in
874 3113 943 3167 belli
956 3113 1053 3169 limine
1070 3116 1074 3188 l
1090 3119 1158 3171 tam·

134 3199 165 3251 p.
185 3198 211 3250 p.
231 3198 258 3250 p.
278 3183 380 3238 coaiece'
397 3183 486 3238 corolt.
506 3181 609 3236 XXXV
1023 3191 1025 3196 ’

133 3371 272 3458 Hector,
296 3369 352 3455 qui
374 3371 460 3436 haud
482 3376 583 3436 cessat
607 3281 806 3438 ‹iiiiiidionem
830 3375 993 3439 obducere.
1150 3395 1203 3445 330

1152 2649 1204 2700 328

1151 2739 1203 2788 329

209 3484 310 3538 Festus
330 3502 360 3566 p.
377 3490 426 3538 198
445 3485 483 3566 Μ,
522 3483 753 3566 ‘obsidionem
783 3486 878 3555 potius
911 3485 1060 3569 dicentum
1088 3505 1147 3544 esse

136 3572 225 3625 quam
244 3554 387 3610 obsidrum
405 3555 523 3610 ad1uuat
541 3572 591 3609 nos
610 3558 772 3610 testimomo
789 3571 839 3610 suo
853 3556 981 3612 Ennius
1000 3577 1035 3616 1n
1049 3559 1148 3613 Tela-
