2590 3890
148 167 192 231 56
566 165 597 232 Q·
617 165 752 221 ENNIVS

550 371 554 376 ,
620 333 692 392 XIV

148 435 296 520 Iuppiier
318 440 418 521 inque
442 437 520 501 rideo
544 457 667 500 summe
687 433 757 521 Sol,
780 435 909 519 quires
932 435 1037 501 omnis
1057 435 1165 520 spicis,

152 541 278 626 Quique
296 545 353 607 tuo
368 543 484 628 <cum>
497 542 618 606 himine
637 563 725 606 mare
738 543 858 605 16116111
872 542 995 606 caelum
1009 542 1164 628 contines,

149 647 286 734 'Inspice
299 649 361 714 hoe
374 650 508 734 facinus,
521 649 612 734 prius
626 670 723 733 quam
735 648 808 712 frat:
821 647 1037 734 prohibesseis
1046 649 1163 714 scelus!

222 788 329 843 Probus
351 787 382 841 in
404 788 487 857 Verg.
510 786 570 842 Ecl.
590 793 619 856 6,
634 793 667 841 31
686 807 713 858 p.
731 794 763 842 16
777 787 809 842 Κ.
840 787 981 842 ‘similiter
1004 791 1033 842 61
1055 787 1164 842 Ennius

151 859 181 912 in
199 859 318 914 Medea
336 859 435 912 exule
453 857 485 912 in
502 859 547 912 his
566 858 707 914 uersibus:
730 858 866 929 Iuppiier’
887 876 910 914 e.
930 877 957 928 q.
977 877 998 914 s.
1038 861 1115 914 ‘nam
1133 861 1165 912 61

150 930 197 984 hic
220 929 346 999 Iuppiter
369 932 398 984 61
421 928 469 984 sol
490 946 541 998 pro
564 929 637 998 igni,
661 930 710 999 qui
731 947 809 985 mare
832 933 861 984 61
883 932 1035 984 1611611161
1054 929 1164 985 caelum

152 1001 299 1056 eontinet!
337 999 485 1069 Euripides
504 1019 529 1054 v.
547 1006 629 1055 1251:

311 1071 343 1125 ἰὼ
363 1075 406 1124 Γᾶ
424 1089 453 1124 σε
472 1072 521 1124 καὶ
538 1071 676 1142 παμφαὴς

311 1143 391 1206 ἀκτὶς
406 1139 519 1211 Ἀελίου,
538 1140 661 1196 κατέδετ’
682 1142 755 1197 ἴδετε
772 1143 825 1198 τὰν

312 1211 450 1282 ὀλομέναν
468 1222 602 1283 γυναῖκα,
621 1214 689 1280 πρὶν
708 1213 825 1285 φοινίαν

251 1355 253 1359 ⁴
311 1281 420 1347 τέκνοις
437 1285 606 1357 προσβαλεῖν
624 1283 683 1354 χέρ’
705 1285 884 1342 adsentirer.

226 1414 239 1460 1
259 1407 309 1476 qui
326 1424 371 1462 res
390 1407 480 1462 omnis
498 1429 519 1462 ω
539 1407 587 1476 qui
605 1408 694 1462 omnis
709 1425 753 1462 res
768 1409 806 1463 H.
822 1409 932 1464 Keilius
944 1425 989 1463 res
1003 1409 1052 1477 qui
1066 1427 1166 1464 omnes

158 1480 269 1534 Vossius
286 1495 330 1532 res
350 1495 445 1534 omnes
464 1478 513 1547 qui
532 1480 671 1535 Porsunus
733 1479 817 1549 spicis
836 1481 973 1535 Vehicuue
986 1498 1053 1535 mus.
1074 1482 1166 1536 1111611.

154 1556 200 1617 14,
219 1556 271 1604 566
294 1549 410 1620 inspicis
429 1571 450 1604 ω
541 1556 556 1603 2
575 1553 625 1603 ino
649 1567 712 1603 cum
735 1550 840 1604 lumine
858 1553 930 1606 idem
947 1554 997 1604 tuo
1015 1551 1124 1606 lumine
1143 1574 1165 1606 ω

151 1620 258 1675 lumine
280 1623 330 1676 111ο
349 1623 488 1676 Persouus
511 1620 613 1674 obtutu
635 1620 749 1675 luminis
768 1623 831 1676 Boe
914 1621 1005 1676 marie
1023 1623 1167 1678 Persouus

153 1694 198 1760 (cf.
218 1694 308 1748 coruli.
329 1692 428 1762 XXIX)
500 1694 615 1746 coniues
635 1693 745 1747 Vossius
817 1692 921 1760 quique
944 1693 1034 1747 muria
1058 1697 1166 1748 terram

153 1762 263 1816 caelum
283 1763 410 1816 contines
429 1764 478 1816 tuo
497 1761 602 1817 lumine
622 1763 811 1818 Fleckeiseuus
887 1769 902 1815 3
921 1763 973 1816 fisi
990 1766 1071 1835 culpo
1090 1765 1124 1818 fit
1142 1786 1165 1819 ω

204 1833 394 1902 prohibesseis
410 1833 600 1888 Παολιίειναο
612 1833 776 1904 prohibesse
790 1837 820 1888 61
833 1835 899 1889 Par.
918 1834 1085 1904 prohibesse
1101 1838 1164 1892 Vct.

152 1903 325 1972 prohibessis
339 1906 458 1959 Bothius
475 1903 593 1973 prohibe
607 1905 749 1975 Eprmtius
766 1905 820 1959 hoc
838 1904 956 1974 prohibe
969 1907 1080 1962 Vossius

630 2070 686 2128 XV

100 2189 152 2238 240
163 2170 225 2249 Qui
239 2171 308 2256 ipse
322 2171 385 2236 sibi
399 2173 526 2256 sapiens
539 2172 689 2256 prodesse
700 2173 766 2236 ndn
776 2173 855 2259 quii,
863 2174 1061 2258 nequiqusim
1070 2175 1167 2260 sepit.

224 2309 320 2364 Cicero
348 2311 385 2364 ed
412 2310 501 2364 famil.
520 2311 607 2364 vno
631 2311 676 2381 (cf.
695 2311 731 2372 V)
767 2311 846 2365 Idem
873 2312 908 2366 de
936 2311 1166 2383 off.11115,es

155 2381 240 2434 ‘haec
258 2380 345 2451 igitur
364 2384 407 2436 esi
425 2380 476 2436 illu
494 2381 639 2452 pernicies,
659 2383 734 2450 quod
753 2381 824 2436 alios
842 2382 940 2452 honos,
960 2383 1032 2438 elios
1052 2385 1168 2454 sapien-

152 2455 195 2506 ies
215 2451 386 2508 existiment.
414 2453 456 2506 Ex
475 2469 530 2522 quc
544 2453 651 2506 Ennius
668 2453 874 2521 nequiquam
892 2470 1012 2522 sapere
1027 2455 1168 2525 sepien-

152 2527 232 2591 16111,
252 2523 311 2592 qui
329 2523 403 2594 ipse
419 2523 488 2578 sibi
501 2525 664 2594 prodesse
677 2541 743 2578 non
757 2524 880 2605 quiret.
909 2525 981 2579 Vere
995 2525 1027 2578 id
1041 2526 1167 2596 quidem,

153 2594 186 2663 si,
206 2594 274 2662 quid
288 2599 363 2650 esset
375 2596 517 2666 prodesse,
535 2595 606 2649 mihi
620 2613 684 2649 cum
697 2595 788 2648 Enmo
802 2595 984 2650 conueniret!
1016 2596 1168 2653 Senientie

152 2665 295 2735 Euripidis
315 2667 409 2722 66111,
428 2673 478 2721 905
492 2666 554 2722 N².:
574 2677 643 2736 μισῶ
662 2665 805 2736 σοφιστήν,
824 2666 898 2730 ὅστις
912 2668 962 2736 οὐχ
977 2668 1053 2740 αὑτῷ
1068 2669 1167 2738 σοφός.

223 2789 301 2858 ipsus
321 2790 455 2846 Columna
472 2791 528 2860 ipsi
546 2791 705 2862 Spenpelius
722 2791 755 2850 1ο
771 2791 888 2844 senariis

621 2956 693 3014 XVI

152 3055 296 3122 'Vtinam
312 3077 352 3120 ne
366 3079 529 3142 umquem,
546 3056 649 3141 Mede,
669 3054 796 3120 Colchis
811 3057 926 3140 cupido
941 3057 1036 3122 eorde
1049 3061 1170 3144 pedem

790 3163 970 3228 extulisses!

228 3283 300 3339 Non.
329 3289 394 3351 297,
420 3289 453 3336 16
488 3283 630 3338 ‘efferre
663 3282 804 3353 significet
833 3283 1033 3352 proferre...
1055 3286 1169 3342 Ennius

153 3354 275 3409 Medea.
292 3399 297 3410 .
314 3356 331 3410 .’
370 3355 404 3409 cf.
423 3353 566 3423 Euripidis
585 3373 610 3410 v.
630 3359 681 3408 431
706 3355 740 3408 oh
764 3352 792 3408 δ’
813 3349 845 3408 ἐκ
863 3353 915 3424 μὲν
934 3355 1020 3410 οἴκων
1037 3357 1170 3428 πατρίων

154 3424 288 3488 ἔπλευσας
305 3423 475 3500 Μαινομένα
494 3423 605 3500 κραδίᾳ.
1070 3429 1075 3444 “

225 3530 307 3585 Mede
333 3534 453 3587 henricis
478 3534 595 3600 formam
622 3533 774 3588 vindicavit
801 3531 957 3588 Meinekius
984 3534 1059 3588 οναλ.
1084 3537 1170 3592 Alere.
