2618 3900
183 105 245 170 106
565 107 602 160 M.
621 105 800 161 PAOVVIVS

127 430 178 480 135
188 412 250 478 Vel
272 417 344 477 cum
367 412 460 477 illum
482 411 591 476 uideas
614 311 789 476 sellilitum
812 411 994 476 orbitudine

249 553 320 606 Non.
342 558 401 620 146,
418 557 450 606 19
471 550 702 606 ‘orbitudinis
720 567 771 620 pro
791 549 913 604 orbitate
929 549 982 605 ...’

250 694 313 730 cum
330 675 414 729 ultim
432 676 459 730 L
494 707 496 711 ·

646 771 717 830 XVI

177 875 274 940 Pater
295 872 438 938 Achiuos
460 871 495 937 1‘11
520 871 651 958 Caperei
674 873 759 938 saxis
781 872 887 957 pleros
909 872 1056 958 perdidit.

248 1013 406 1067 Priscianus
425 1030 452 1081 p.
472 1017 523 1066 668
537 1012 567 1066 Ρ.
607 1011 806 1066 ‘uetustissimi
833 1015 929 1066 tamen
956 1015 985 1066 et
1008 1012 1099 1066 altera
1121 1015 1188 1066 utra

235 1085 364 1139 solebant
390 1083 525 1153 proferre,
553 1085 582 1137 et
608 1082 724 1152 plerus
750 1083 829 1154 plera
855 1083 965 1152 plerum
992 1084 1098 1152 absque
1122 1100 1187 1151 que
1288 1125 1289 1166 ,

178 1155 328 1238 additione
338 1161 346 1209 .“
356 1199 360 1209 .
373 1155 390 1208 .’

249 1239 350 1334 achiis
374 1279 440 1359 Req.
470 1279 569 1332 acheos
593 1277 690 1334 Bamb.
716 1280 800 1334 Beru.
819 1278 925 1334 Amica.
955 1279 1074 1333 achaeos
1099 1279 1184 1361 Scap.

179 1352 302 1407 Karozlr.
327 1351 456 1404 achae1os
475 1350 558 1405 Hclb.
631 1347 768 1418 capherei*
790 1350 856 1420 ch.
876 1367 943 1405 corr.
963 1367 997 1404 m,
1017 1355 1032 1403 2
1052 1350 1185 1420 caphere1

177 1423 284 1478 Amice.
303 1423 388 1477 Bere.
407 1422 492 1476 Halo.
511 1420 634 1475 Kuroltr.
654 1418 757 1474 cafcrei
775 1419 857 1492 Scap.
882 1420 1019 1490 Gapharci
1036 1423 1117 1493 culpo

177 1493 303 1564 prodidit
321 1493 444 1563 Suupcll.
463 1511 497 1546 m.
518 1496 532 1545 1

636 1587 723 1646 XVII

655 1689 717 1774 [ni]
741 1711 792 1754 me
816 1689 954 1754 caluitur
976 1689 1131 1776 suspicio,

178 1798 249 1863 Hoc
273 1802 320 1862 est
343 1797 424 1862 illud
447 1796 533 1882 quod
554 1796 623 1860 fore
646 1796 770 1860 occulte
793 1794 881 1860 Oe'ax
903 1797 1063 1881 praedixr‘t
1083 1849 1116 1862 ..

247 1919 318 1972 Non.
334 1925 358 1988 7,
374 1925 389 1972 3
411 1917 577 1972 ‘caluitur
595 1917 702 1971 dictum
720 1920 763 1971 est
781 1917 931 1972 frustratur
946 1963 950 1972 .
963 1961 985 1973 ..
998 1918 1015 1974 .’

249 2032 310 2094 leq.
334 2025 481 2079 Trochueos
494 2025 613 2079 Bothius
628 2026 746 2095 apnooit.
806 2029 820 2076 1
839 2023 952 2079 nisime
966 2026 1085 2082 Bothius
1102 2043 1148 2080 mc
1161 2046 1184 2080 ω

175 2097 206 2150 ni
224 2097 402 2151 Hermonassa
455 2100 471 2148 2
490 2097 616 2149 in'exita
632 2093 708 2163 patri
725 2097 847 2164 suppleri
860 2097 948 2164 possit

629 2263 731 2321 XVIII

176 2365 318 2431 ‘Vtinam
349 2387 434 2430 nunc
465 2366 654 2429 matrescam
686 2365 829 2451 ingenio,
860 2368 897 2429 ut
924 2369 1031 2429 meum
1057 2369 1184 2450 patrem

813 2471 927 2535 ulcisci
947 2474 1074 2556 queaml

246 2595 317 2649 Non.
343 2601 442 2662 lem
472 2595 702 2662 ‘matrescam‚
734 2591 831 2645 matris
862 2591 961 2646 similis
989 2593 1074 2647 fiam.’
1120 2594 1183 2648 Huc

176 2667 294 2722 fortasse
307 2665 430 2736 pertinet
443 2665 538 2734 glossa
551 2664 581 2718 in
596 2662 774 2718 Onomastico
789 2663 927 2719 Labbaei:
948 2665 1184 2734 ‘matrescera

176 2736 343 2808 μητράζειν.’

642 2831 713 2890 XIX

123 2971 174 3020 140
654 2932 814 3017 extemplo
837 2931 989 3020 Aegisthi
1009 2933 1106 2998 fidem

177 3042 405 3126 Nuncupantes
430 3038 621 3105 conciebunt
643 3039 799 3123 populum
819 3091 932 3104 .....

245 3162 317 3216 Non.
333 3167 376 3228 90,
392 3166 424 3214 12
445 3159 629 3230 ‘concicre‚
649 3177 712 3214 cum
729 3160 940 3230 perturbatione
955 3177 1146 3216 commouere.
1160 3205 1183 3217 ..

175 3233 302 3288 Ennius
321 3231 468 3286 Duloreste
484 3231 536 3285 ...⁹
562 3230 742 3300 (Pacuuius
762 3231 887 3302 Scaliger
905 3231 981 3286 Ocni.
1000 3250 1027 3302 p.
1047 3237 1089 3286 56.
1127 3232 1185 3286 Ex-

175 3305 283 3360 ciderat
300 3303 419 3357 fortasse
438 3320 501 3356 cum
518 3301 602 3355 Ennii
620 3301 713 3356 verbis
731 3319 834 3356 nomen
849 3302 977 3358 Pacuvii:
997 3302 1031 3356 cf.
1051 3301 1104 3356 inc.
1124 3303 1185 3360 inc.

174 3376 231 3430 fab.
250 3374 301 3428 XII
319 3391 391 3442 quae
409 3373 499 3427 Ennio
519 3390 568 3427 suo
588 3373 718 3442 ascripsit
731 3373 874 3427 Vahlcnus
890 3373 979 3443 Iphig.
999 3373 1031 3428 fr.
1047 3373 1141 3444 XH⁸‘)

248 3486 261 3533 1
282 3480 407 3548 exemplo
427 3481 460 3534 H
511 3486 527 3534 2
547 3479 714 3534 conciebant
733 3479 787 3534 W¹
