2618 3900
542 144 573 200 L.
592 143 719 198 ACCIVS
1073 142 1136 206 159

611 312 658 370 HI

120 416 199 480 Mea
221 415 306 478 stote
330 414 364 478 in
387 414 454 478 eoie
478 412 572 478 obliti
597 464 727 480 .....
766 417 798 483 s.

196 537 268 590 Non.
284 541 374 604 502‚1
397 535 636 588 ‘accusetiuus
654 551 705 604 pro
723 533 877 604 genetiuo.²

196 643 274 698 fecto
292 643 433 698 Mereerue
450 642 511 696 fote
529 662 551 695 ω
609 686 653 780 IV.
711 661 714 667 ·

121 824 257 909 Quodsi,
276 827 313 888 ut
332 823 448 907 decuit,
466 823 567 886 stdres
585 843 711 886 mecum
730 825 785 884 eut
803 822 894 902 meus
912 822 987 906 (te)
1004 825 1137 886 maesta-

764 930 814 991 re't
837 928 942 1014 dolor,

120 1037 196 1103 lem
220 1037 275 1101 diu
299 1035 494 1100 inflammdri
516 1033 650 1100 Atridae
673 1034 765 1099 nduis
788 1034 944 1098 uidissent
967 1057 1048 1099 sues.

197 1159 382 1226 Non‚137‚33
395 1158 662 1226 ‘maestaretpro
676 1159 847 1210 maerentem
861 1157 985 1211 feceret!
1002 1159 1136 1227 (mesta-

118 1234 179 1285 ret
197 1230 308 1298 Bemb.‚
327 1228 377 1282 ubi
396 1245 491 1282 versus
510 1227 566 1296 ipsi
584 1227 686 1281 desunt
704 1231 737 1281 ut
754 1227 917 1297 plerumque
936 1228 966 1280 in
979 1228 1033 1282 heo
1047 1229 1135 1298 parte.
1225 1272 1227 1277 .

119 1303 292 1357 mertaret
310 1299 387 1355 Heri.
407 1300 454 1369 W)

199 1415 212 1461 1
238 1407 339 1476 quodsi
363 1407 511 1462 Fruierioe
533 1405 609 1474 quod
632 1405 672 1459 sio
692 1426 725 1460 m:
751 1407 782 1461 io
806 1405 846 1460 sio
869 1408 967 1462 litterts
990 1404 1031 1460 sei
1054 1407 1137 1460 tatere

115 1487 212 1552 potest
266 1481 354 1532 stares
371 1479 505 1546 Gifonios
523 1477 643 1530 histeres
662 1485 822 1546 eompmwta
839 1477 859 1530 h
874 1477 900 1530 L
916 1476 1053 1545 istoresp
1107 1478 1136 1529 te

122 1552 275 1619 Memmia,
293 1567 344 1604 om.
364 1570 385 1603 ω
443 1550 578 1602 merteret
596 1569 617 1602 ω
636 1551 775 1602 moereret
792 1550 832 1604 ed.
853 1549 966 1604 Medioi.
1028 1546 1136 1600 2Atri-

122 1623 182 1676 dae
201 1622 341 1676 Merceros
359 1623 419 1674 etre
439 1620 472 1674 H
488 1622 517 1674 et
535 1635 565 1672 re
584 1640 605 1688 φ

617 1733 646 1790 V

122 1838 224 1904 'Iram
251 1839 405 1922 infrenes,
434 1836 541 1900 obstes
569 1835 697 1921 animis,
725 1837 879 1920 reprimas
903 1835 1136 1900 confidentiam.
1157 1851 1190 1899 15

198 1959 269 2014 Non.
281 1965 341 2028 262,
351 1965 384 2013 15
401 1957 635 2013 ‘confidentia
648 1975 758 2010 rursum
771 1957 924 2027 temeritas,
940 1955 1060 2011 audacia
1071 1999 1077 2010 .
1087 2000 1092 2010 .
1102 2001 1107 2012 .
1117 1957 1135 2010 ‚⁹

124 2031 167 2088 of.
188 2030 303 2084 Homeri
321 2029 352 2114 Ii
373 2030 604 2098 lismensem.

198 2137 320 2191 infrenes
339 2137 444 2192 aniess
461 2135 578 2190 infrenis
597 2133 732 2206 (informis
751 2135 788 2205 L)
807 2155 828 2188 ω

610 2268 654 2326 VI

123 2372 197 2437 Tun
218 2369 426 2435 honestitndo
449 2369 579 2433 Da'nsos
603 2368 727 2454 decepit
750 2369 814 2432 diu.
911 2371 945 2426 'e

198 2491 270 2545 Non.
286 2496 352 2560 120,
367 2497 399 2544 31
422 2489 662 2544 ‘honestitudo
680 2507 731 2559 pro
749 2489 890 2544 honestae.
927 2489 1028 2542 Accius
1049 2489 1137 2543 Oeno-

123 2579 192 2617 mao
207 2607 248 2618 ...
264 2561 340 2616 idem
359 2561 582 2631 Myrmidonibus
598 2562 652 2617 ...²

199 2659 311 2729 decepit
328 2660 432 2718 Deirio'
446 2658 552 2728 decipit
570 2680 591 2713 ω

602 2773 661 2831 VII

120 2877 208 2963 ‘Ego
245 2897 297 2940 me
333 2897 398 2940 non
429 2875 575 2960 peooe'sse
607 2874 702 2959 plene
734 2874 900 2939 ostendam
933 2878 989 2940 eut
1019 2895 1138 2960 poenas
1175 2900 1190 2920 κ

501 3061 504 3068 ¹
767 2983 924 3047 sdfferem.

197 3095 271 3150 Non.
287 3099 347 3164 396,
363 3101 395 3148 31
418 3093 583 3160 ‘sufferre
602 3097 645 3149 est
664 3065 801 3150 apstinere
817 3095 887 3150 ....’

593 3227 670 3286 'VIII

121 3331 278 3416 Re‘gnum
292 3327 355 3393 tibi
366 3329 512 3413 permitti
521 3329 668 3392 molunt?
678 3330 822 3394 cernent:
836 3329 961 3394 tradam
971 3330 1138 3395 exereitus.

198 3451 272 3505 Non.
303 3457 372 3520 261‚'
392 3457 426 3504 24
460 3452 614 3504 ‘eernere
643 3467 753 3503 rursum
780 3450 893 3504 oedere’
922 3450 1082 3521 (succedere
1108 3455 1138 3520 ω)

122 3522 215 3578 ‘unde
239 3525 268 3576 et
289 3538 401 3576 eernere
419 3519 605 3582 hereditatem
624 3519 676 3573 iiiii
694 3519 835 3590 patribus,
859 3521 889 3574 id
908 3523 951 3575 est
970 3521 1078 3576 oedere’
1099 3522 1139 3591 (id

102 3757 149 3812 dr
