2590 3890
572 123 603 189 Q.
622 123 756 180 ENNIVS

318 282 390 338 ὥσθ’
411 281 505 354 ἵμερός
523 284 670 354 potiemur
688 292 723 355 νῇ
741 303 772 338 τε
790 285 919 356 κούρανῷ

317 352 395 422 λέξαι
412 355 533 427 μοίοιίσχ
552 357 636 424 δεῦρο
654 352 784 425 Μηδείας
801 355 893 426 τύχας.

232 461 247 508 2
265 453 378 508 Medeai
399 454 541 510 Turnebus
559 452 675 506 Medeae
694 473 715 507 ω

642 576 685 634 IV

188 729 222 744 ..
244 680 362 744 fluetus
385 679 558 744 ue‘rborum
582 699 674 742 aures
696 681 864 762 adoupant.

230 792 302 847 Non.
317 796 423 860 467,15
440 793 517 845 ‘auu
525 789 641 860 upaui,
661 789 786 844 uotiuum
798 789 924 859 positum
937 807 987 860 pro
1001 789 1116 860 passiuo
1128 833 1134 845 .
1146 834 1172 850 .,

160 863 266 917 Ennius
282 863 386 917 Medea
403 863 455 917 ...’
494 861 534 916 Cf.
554 861 632 916 ohori
650 879 676 915 v.
693 867 742 915 131
762 861 838 951 apud
855 861 1031 931 Euripidem:

321 934 419 988 ἔκίοον
438 933 551 1003 φωνάν,
571 932 669 987 ἔκλυον
688 930 720 987 δὲ
739 934 810 1005 βοαν

319 1014 369 1068 τᾶς
387 1003 526 1060 δυστάνου
540 1007 549 1074 ΙΙ
563 1002 699 1074 Κολχίδος

231 1103 332 1156 fluctus
350 1103 456 1157 ‚Ionios
473 1104 505 1156 in
523 1119 574 1173 my.
593 1101 701 1155 fruetus
720 1122 741 1155 ω
760 1101 888 1156 fremitus
907 1119 928 1158 a

653 1225 682 1281 V

309 1398 316 1405 t
608 1325 721 1390 Medea

163 1432 251 1512 Quae
275 1431 466 1498 Corinthum
490 1453 595 1497 arcem
618 1433 717 1497 altam
740 1431 880 1518 habetis,
907 1434 1072 1498 matronae
1095 1455 1173 1518 opu-

742 1627 762 1668 *
798 1539 918 1624 lentae,
942 1541 1136 1624 6ptumatest

570 1627 589 1668 δὲ

656 1671 675 1712 *

109 1752 162 1800 220
172 1736 269 1801 Multi
287 1759 379 1801 suam
392 1757 461 1800 rem
475 1735 556 1798 bene
570 1755 697 1820 gessere
711 1739 743 1798 et
756 1733 919 1818 publicam
933 1736 1038 1820 patriai
1051 1736 1174 1822 procul,

163 1843 274 1927 Multi,
298 1843 353 1926 qui
377 1842 464 1906 domi
487 1843 625 1905 aetatem
648 1843 796 1926 agerent,
818 1843 951 1926 propter
973 1863 1010 1906 ea
1032 1845 1108 1906 sunt
1126 1841 1175 1907 in-

800 1947 938 2031 probati.

235 2061 331 2116 Cicero
359 2060 397 2114 ad
423 2059 512 2113 famil.
535 2059 587 2114 VH
609 2065 625 2112 6
659 2058 815 2114 ‘desideria
841 2059 918 2113 urbis
947 2063 976 2114 et
1002 2061 1174 2116 urbanitatis
1288 2111 1289 2114 ,

165 2134 273 2202 depone
297 2135 326 2185 et
347 2147 402 2199 quo
422 2130 538 2184 oonsilio
556 2129 699 2200 profectus
719 2146 761 2200 es,
785 2131 816 2184 id
834 2130 1002 2185 assiduitate
1021 2135 1050 2186 et
1068 2131 1175 2188 uirtute

164 2200 853 2340 terreturiisaursus?
872 2201 1176 2329 tutunus:

164 2346 267 2415 quibus
285 2345 337 2399 illa
355 2317 485 2398 mar’ribus
503 2342 712 2414 gypsatissimis
729 2318 876 2414 persuasit,
894 2361 930 2398 ne
949 2292 1092 2400 sib1puitio
1105 2319 1175 2400 illae

163 2419 318 2486 uerterent,
338 2414 413 2484 quod
433 2414 544 2469 abesset
563 2432 580 2469 a
597 2414 704 2484 patria:
728 2433 795 2470 nam
812 2415 927 2470 multi’
949 2432 972 2470 e.
992 2434 1019 2484 q.
1039 2435 1060 2471 s.
1096 2416 1175 2482 ‘Quo

164 2490 195 2543 in
208 2504 323 2543 numero
337 2490 370 2541 tu
384 2489 458 2541 uerte
472 2485 582 2554 fuisses,
598 2485 654 2540 nisi
668 2489 697 2540 te
712 2485 925 2541 extrusissemus
941 2529 982 2542 ...
997 2491 1026 2542 et
1040 2487 1176 2556 quoniam

163 2561 294 2619 Medeam
316 2575 366 2614 coe
386 2558 396 2611 i
418 2573 513 2628 agere,
537 2557 610 2611 illud
628 2573 737 2628 semper
754 2560 894 2612 memento
913 2557 1008 2631 [XV].’
1047 2558 1176 2616 Contulit

163 2631 321 2688 Politianus
341 2577 419 2684 uffae.
439 2646 498 2698 cap.
518 2635 551 2683 27
570 2629 714 2699 Euripidis
733 2647 758 2684 v.
779 2635 843 2685 214:

324 2699 479 2770 Κορίνθιαι
496 2709 638 2770 γυναῖκες,
659 2696 780 2767 ortano
799 2697 905 2770 δόμων,

323 2773 361 2842 μή
380 2771 427 2842 μοί
444 2792 471 2826 τι
489 2771 651 2842 μέμνησθ’·
672 2721 737 2826 οίδα
755 2770 808 2842 γὰρ
826 2773 945 2835 πολλοὺς
963 2774 1070 2845 βροτῶν

324 2845 441 2913 σεμνοὺς
458 2852 591 2913 χεχῶτας,
610 2843 675 2906 τοὺς
688 2840 744 2968 χιὲν
763 2843 893 2912 ὀμμάτων
912 2843 984 2912 ἄπο,

324 2915 389 2978 τοὺς
407 2913 436 2968 δ’
459 2911 489 2970 ἐν
507 2912 650 2982 θυραίοις·
671 2934 685 2968 ο
717 2912 745 2968 δ’
766 2913 819 2984 ἀφ’
840 2913 944 2984 ἡσύχου
961 2915 1049 2978 ποδὸς

324 2985 472 3040 δύσκλειαν
491 2984 642 3053 ἐκτήσαντο
661 2985 709 3038 καί
727 2980 881 3059 ὅᾳθομίαν.

165 3073 283 3126 quorum
310 3059 433 3110 mentem
459 3072 516 3109 non
543 3058 618 3109 recte
646 3057 811 3110 adsecutum
838 3072 898 3109 esse
920 3055 1042 3110 Ennium
1064 3055 1176 3112 monuit

164 3129 318 3198 praeeunte
336 3127 445 3181 Mureto
463 3143 522 3182 var.
541 3126 605 3180 leot.
624 3127 689 3180 vul
709 3132 741 3180 17
760 3126 919 3181 Elmsleius.

238 3233 252 3279 1
277 3226 375 3280 Versus
397 3226 508 3296 aprwoit
526 3225 635 3294 primm
657 3225 779 3296 Aayelus
797 3224 955 3280 Politianus
1010 3224 1176 3279 Corinthum

162 3299 291 3368 probavit
307 3297 448 3352 Bentleiue
462 3294 589 3350 Corinthi
606 3297 760 3351 Lambinus
811 3295 895 3366 Quem
912 3297 983 3351 iota
1002 3301 1016 3348 1
1035 3303 1061 3352 et
1075 3302 1090 3350 2
1109 3297 1175 3351 olim

165 3369 250 3435 [αισα
272 3368 426 3438 είμνιίιίοαοί
447 3384 552 3422 uernae
574 3367 724 3438 Etrrsleius
746 3367 784 3422 aot
806 3367 877 3422 Eur.
902 3367 976 3422 Med.
996 3372 1048 3420 209
1067 3385 1080 3422 e
1099 3367 1175 3422 Cice-

165 3439 326 3562 νοιιοᾶίιιχμο
348 3439 535 3495 οοοοίαιιοοίτε
562 3440 597 3492 ne
620 3437 690 3492 mihi
712 3436 784 3492 uitio
807 3439 858 3492 uos
881 3436 1013 3508 uortatis‚
1040 3439 1057 3492 t
1080 3439 1175 3507 patria

166 3526 222 3576 quo
261 3511 278 3562 a
299 3509 369 3563 siem
