2618 3900
153 141 217 204 146
537 139 574 194 Μ.
594 137 774 194 Pncvvivs

150 301 246 354 uerbo,
283 299 423 353 Pacuuius
444 301 519 396 lm
544 300 608 370 3⁷6]
645 299 715 352 Item
738 300 816 370 [378]
839 301 869 352 et
892 299 1037 380 [379sq.]‘
1080 299 1165 352 Pauli

151 371 250 424 Festus
268 389 295 440 p.
312 376 362 424 132
377 372 413 424 M.
461 369 686 424 manticulari
704 369 844 438 dicuntur,
863 369 912 438 qui
930 369 1101 424 manuculas
1121 372 1165 424 at-

151 445 286 510 trectant,
311 445 345 495 ut
367 442 502 496 furentur.
538 441 619 495 Vnde
641 443 744 510 poetae
767 457 817 510 pro
841 441 937 494 dolose
960 441 1030 509 quid
1053 441 1166 511 agendo

151 513 205 566 hoc
227 513 314 567 uerbo
336 516 461 567 utrmtur.
498 511 682 566 Pacuuius:
706 512 746 565 ad
769 511 1067 566 manticulandum
1086 515 1165 566 astu

153 584 376 654 adgreditur.’
414 585 483 638 Post
509 583 701 637 manticula
727 582 844 652 periisse
872 585 1026 636 extremam
1052 586 1166 652 partem

152 655 265 708 articuli
286 655 504 709 manticularum
527 658 556 709 et
575 654 695 724 primam
713 653 856 722 sequentis
875 654 910 707 de
928 653 1165 708 manticularibus

152 729 247 780 censet
274 726 305 781 Ο.
329 726 489 780 Muellerus.
531 725 571 780 Cf.
599 724 710 779 Placidi
735 723 831 794 glossa
858 723 925 794 (cul
948 725 1008 778 Vc
1030 725 1073 795 G.)
1106 726 1166 779 ‘ad

151 797 459 866 manticulandum,
479 797 516 850 ad
534 796 631 851 dolum
649 799 678 850 et
696 796 826 866 strophas
846 795 1084 866 excogitandum!

224 922 286 957 sum·
302 906 344 958 cel
361 921 435 957 nunc
453 905 494 957 vel
512 920 565 973 ego
583 905 707 972 suppleri
725 904 787 958 licet
839 902 944 957 modici
961 902 1168 958 manticulatur

154 975 239 1030 ..ita
256 991 301 1028 me
319 974 389 1028 facti
407 974 533 1056 oppressi
551 974 619 1044 iugo
637 976 695 1029 cod.
713 973 872 1042 mendicus,
890 974 1104 1030 manticulatur:
1123 975 1167 1029 ita

152 1063 197 1100 me
226 1045 279 1100 fati
308 1049 447 1115 oppressrt
472 1045 570 1115 iugum
599 1046 713 1100 Grotius
740 1045 935 1116 (aliis)modice
962 1045 1168 1100 manticulatur

153 1118 223 1182 uita,
241 1133 286 1170 me
304 1117 323 1170 f.
343 1133 368 1171 o.
387 1117 405 1170 i.
424 1117 495 1184 Bac,
513 1119 650 1188 ingeniose

623 1267 695 1326 XVI

154 1365 216 1430 'Ad
238 1368 512 1432 manticulandum
536 1369 608 1432 astu
631 1368 826 1454 aggreditur.
851 1405 893 1414 —
915 1367 995 1432 scite
1018 1367 1169 1452 nimquid

791 1475 1009 1559 prompserit?

227 1597 362 1651 Personae
380 1597 498 1651 datiam
514 1597 680 1677 alteramque
697 1597 752 1664 feci
768 1598 991 1667 interrogantem
1019 1595 1073 1649 scit
1092 1595 1169 1650 enirn

138 1666 225 1735 ¹quid
243 1670 315 1734 cod,
333 1669 405 1738 qaod
423 1666 493 1721 scite
511 1669 564 1736 (ccl
581 1667 656 1737 sciti)
674 1665 803 1734 nimquid
822 1669 856 1735 (h.
875 1685 896 1721 e.
915 1666 1063 1736 numquid)
1082 1670 1168 1722 iruer—

153 1746 278 1806 pretutas
300 1755 360 1792 auru
383 1740 474 1792 cercll.
493 1737 607 1792 LXXVI
676 1737 844 1808 prompserit
862 1740 965 1792 conari
981 1738 1169 1806 promeruerit

156 1811 212 1863 cod.
268 1809 337 1862 scite
352 1808 421 1877 quid
434 1825 540 1878 prome,
558 1826 623 1863 erue
637 1811 768 1881 Scaliger.
805 1811 843 1863 In
855 1811 1170 1878 scladammscsiptura

157 1882 291 1949 acquievit
309 1881 506 1935 Lachmuaaus

617 1959 704 2018 XVII

157 2059 281 2124 Deinde
308 2060 476 2146 adgrediar
503 2060 574 2124 astu
603 2082 724 2146 regem:
751 2061 868 2144 (narn)
892 2059 1172 2125 manticulandum

794 2169 843 2231 est
865 2166 955 2231 mihi.

229 2285 330 2341 deinde
344 2288 396 2342 alu
406 2286 487 2341 Festo
501 2288 680 2342 reddideram
728 2305 823 2358 regem
836 2291 942 2358 (rogem
956 2290 988 2342 ia
1001 2289 1040 2342 ed.
1054 2290 1173 2352 noviss.)

157 2360 214 2414 cod.
243 2374 301 2411 rem
331 2358 527 2413 Lachmarmus
553 2362 693 2414 senonum
719 2361 856 2414 diceneus
930 2358 977 2412 hic
1004 2366 1069 2414 autc
1095 2357 1172 2412 mihi

157 2432 254 2486 aruerit
271 2431 378 2485 Aldina
432 2431 466 2497 cf.
486 2431 584 2484 Plauti
606 2431 680 2485 Tria.
701 2436 752 2484 963

610 2599 712 2657 XVIII

491 2783 495 2791 Ι
581 2698 762 2764 machinam
786 2699 901 2764 ordiris
924 2722 1054 2765 nouam:

105 2823 157 2871 380
167 2805 378 2870 Manticulata
401 2809 472 2870 astu
495 2807 576 2868 anne
599 2808 709 2869 sancta
730 2806 801 2869 iura
824 2807 957 2870 iuranda
979 2805 1099 2870 adicis?

230 2928 353 2982 Pacuvio
374 2928 484 2982 reddidi
505 2945 567 2981 cum
589 2927 766 2982 Baeclrelero:
794 2930 829 2995 cf.
852 2930 942 2983 corolt.
965 2927 1066 2981 XLVII
1074 2943 1111 2996 sq.

160 3005 173 3052 1
194 2997 255 3052 ordi
275 2997 312 3051 sis
330 3015 351 3052 u
414 3004 429 3050 2
449 2997 636 3051 manticulata
654 2999 718 3051 astu
736 3001 839 3054 conieci
855 2998 1089 3052 manticulatactu
1107 3001 1171 3054 cod.

212 3072 297 3140 anne]
312 3085 348 3122 an
358 3071 415 3123 cod.
476 3071 574 3122 sancta
588 3067 650 3122 iura
664 3071 767 3124 conieci
780 3069 921 3124 sanctiora
935 3072 991 3125 cod.
1046 3069 1172 3124 iuranda

159 3139 248 3194 adicis
262 3141 365 3195 conari
379 3138 449 3193 dicis
464 3138 646 3193 iureiuranda
660 3141 718 3194 eod.
773 3140 960 3195 manticulata
975 3157 1011 3194 an
1025 3139 1172 3196 sanctiora

160 3212 221 3265 iura
239 3211 359 3265 iuranda
378 3209 467 3264 adicis
486 3211 548 3266 Bae

161 3389 242 3454 Cum
266 3391 359 3455 deum
383 3391 576 3475 triportenta
628 3308 698 3366 XIX

230 3511 319 3564 Varro
338 3511 373 3565 de
392 3511 410 3565 l.
430 3511 448 3566 l.
468 3513 520 3566 VII
534 3518 567 3566 59
581 3513 618 3567 Μ.
641 3512 808 3568 ‘Pacuuius:
828 3529 890 3566 cum
910 3513 936 3567 d.
956 3515 975 3568 t.
996 3545 1029 3553 -
1049 3513 1094 3553 -’
