2590 3890
151 167 171 230 6
467 165 586 219 arrivs
604 164 838 220 mnaonrevs

632 331 675 390 VI

149 435 281 518 Mulier,
304 433 449 518 quisquis
472 435 519 518 e's,
542 437 574 498 te
596 433 753 497 uolumus.

220 554 292 609 Non.
317 560 380 624 137,
401 561 433 610 31
469 555 557 608 ‘cuis
588 557 616 609 et
643 553 739 624 generi
766 552 900 609 feminino
928 554 1046 609 attribui
1072 573 1155 625 posse

148 628 276 680 ueterum
295 626 450 680 auctoritas
469 625 580 680 uoluit)

150 841 220 919 Qud
245 841 382 906 Castalia
404 843 462 925 pe‘r
484 740 750 906 struicesOEnem
773 841 865 926 lapsu
888 840 1004 905 decidit
1037 861 1040 866 ·

217 964 292 1044 Fest.
310 982 337 1032 p.
352 969 404 1018 310
418 963 455 1020 Μ.
485 963 650 1018 ‘struices
675 961 785 1030 antiqui
808 961 941 1032 dicebant
964 963 1153 1018 extructiones
1229 991 1231 997 2

149 1051 274 1106 cmnrum
291 1037 403 1088 rerum’

612 1131 687 1189 VIII

149 1240 250 1318 Quem
274 1263 333 1328 ego
356 1241 541 1306 nefrendem
564 1241 629 1306 alui
652 1241 787 1305 lacteam
810 1241 990 1326 inmulgens
1014 1263 1106 1326 opem

217 1379 300 1434 Pauli
322 1381 420 1434 Festus
439 1399 465 1450 p.
487 1386 537 1434 163
552 1381 588 1436 Μ.
615 1379 677 1434 ‘elii
700 1379 798 1434 dicunt
820 1379 1006 1434 nefrendes
1030 1379 1152 1435 infantes

147 1467 208 1505 esse
226 1451 351 1505 nondum
368 1451 541 1521 frendentes,
560 1451 591 1505 id
605 1455 648 1506 est
662 1451 830 1521 frangentes.
861 1450 974 1504 Liuius.
987 1495 992 1504 .
1005 1453 1023 1506 .'
1053 1451 1152 1506 Festus

146 1540 172 1590 p.
190 1527 239 1576 162
255 1523 292 1578 M.
323 1521 421 1577 ‘...ri
444 1539 540 1590 quem
563 1532 660 1593 egon
675 1565 894 1578 .............
910 1525 1057 1591 sepem’
1098 1522 1153 1577 Ob-

147 1593 321 1647 scurissimas
350 1593 504 1663 scripturae
526 1593 660 1662 reliquias
684 1593 820 1647 Thewrek
843 1594 878 1647 de
900 1593 991 1647 Ponor
1016 1593 1153 1662 expressit

149 1665 183 1717 ‘t
207 1680 290 1731 quem
313 1681 365 1734 ego
383 1668 418 1718 fi’
440 1681 462 1719 e.
483 1682 550 1732 qs.
579 1664 613 1720 cf.
636 1663 827 1719 Reitzenstein
845 1663 951 1718 Verrin.
976 1663 1088 1720 Forsch.
1110 1671 1151 1720 91.

147 1735 227 1791 Thes.
250 1752 313 1789 nov.
333 1735 382 1791 lat.
401 1735 432 1790 in
449 1735 507 1790 Mei
526 1739 599 1792 auct.
619 1735 699 1790 class.
715 1735 780 1788 VIII
797 1753 823 1804 p.
840 1741 890 1789 378
902 1752 941 1803 sq.
969 1734 1031 1789 ‘alii
1055 1739 1151 1790 autem

147 1805 244 1859 dicunt
261 1806 442 1860 nefrendes
461 1806 592 1876 infantes,
611 1806 692 1876 quasi
708 1806 832 1860 nondum
845 1805 1005 1860 frendentes
1076 1808 1151 1861 unde

145 1876 308 1932 Naeuius:
323 1893 406 1946 quern
417 1879 460 1933 ...’
473 1895 496 1933 e.
507 1895 533 1946 q.
545 1897 566 1932 s.
588 1878 665 1932 Idem
679 1896 706 1947 p.
717 1881 769 1931 214
787 1875 848 1930 ‘hic
861 1877 1012 1946 nefrens‚
1029 1877 1080 1946 dis,
1096 1878 1113 1933 i.
1126 1895 1149 1934 e.

145 1946 238 2001 infans
253 1948 333 2015 quasi
347 1949 471 2002 nondum
484 1948 630 2004 frendens.
643 1991 649 2003 .
661 1990 666 2002 .
677 1947 751 2000 unde
760 1946 892 2002 Liuius:
907 1964 989 2016 quem
1001 1993 1005 2002 .
1018 1993 1022 2002 .
1034 1951 1051 2002 .'
1063 1965 1085 2003 e.
1096 1967 1121 2018 q.
1129 1968 1150 2005 s.

146 2017 185 2072 ef.
204 2017 335 2072 Placidus
354 2018 417 2074 cel.
433 2019 458 2072 V
473 2025 515 2088 33,
529 2026 563 2074 39
584 2019 755 2073 ‘nefredem'
776 2035 798 2072 e.
818 2035 844 2086 q.
864 2036 884 2072 s.

215 2142 260 2196 Dc
276 2159 312 2196 ne
327 2145 469 2212 partr'culc
486 2145 518 2197 ia
535 2145 660 2214 symbolis
673 2144 857 2214 prcmmctr'cis
870 2143 1010 2214 (Beitrdpc
1024 2160 1046 2198 r.
1062 2145 1149 2200 Leuc

144 2228 197 2266 corr
223 2215 248 2267 d.
276 2214 549 2297 Interamnium)
572 2233 601 2283 p.
623 2219 654 2266 12
669 2231 706 2283 eq.
736 2219 769 2267 46
784 2230 821 2336 sq.
837 2215 974 2293 deserui.
997 2215 1151 2296 'Fora-asae

144 2289 313 2352 septenarius
334 2286 403 2352 furt:
426 2302 509 2352 quem
532 2286 583 2354 ego
605 2283 767 2338 nefrendem
786 2301 844 2338 au1
863 2283 1025 2358 <educau1>
1045 2285 1063 2339 l.
1083 2305 1100 2340 1.
1122 2305 1147 2341 o.

626 2453 669 2512 IX

690 2535 800 2599 dusmo
823 2532 859 2599 in
881 2533 951 2598 loco

215 2655 297 2710 Pauli
319 2656 417 2711 Festus
438 2677 464 2728 p.
480 2663 513 2712 67
532 2657 569 2712 M.
608 2657 740 2712 ‘dusmo
768 2657 802 2711 in
830 2656 907 2711 loeo
935 2655 1011 2725 apud
1038 2655 1150 2710 Liuium

146 2725 286 2794 significat
309 2727 456 2782 dumosum
478 2729 583 2784 locum:
608 2728 718 2796 antiqui
742 2729 816 2782 enim
838 2727 1043 2782 interserebant
1061 2728 1079 2784 S
1102 2725 1149 2782 lIt-

145 2800 235 2850 teram
246 2841 251 2850 .
264 2840 269 2851 .
282 2800 299 2851 .’
321 2798 354 2852 cf.
374 2799 505 2854 Placidus
524 2799 555 2852 in
574 2799 638 2854 cel.
658 2799 683 2853 V
698 2805 731 2852 63
746 2799 777 2855 G.

635 2951 662 3008 X

91 3065 127 3113 40
145 3053 321 3120 Puerarum
344 3058 491 3122 manibus
514 3059 694 3124 cdnfectum
717 3058 907 3142 pulcerrime

147 3165 177 3178 v—

216 3194 373 3249 Priscianus
396 3214 422 3265 p.
443 3202 493 3250 637
507 3197 536 3251 P.
576 3199 693 3266 ‘puera
721 3195 854 3251 direbant
882 3195 1071 3265 antiquissimi
1086 3241 1091 3252 .
1106 3240 1110 3251 .
1124 3241 1147 3251 ..

145 3263 262 3320 Liuius
281 3265 311 3319 in
331 3265 454 3322 Odissia:
474 3283 536 3322 mea
554 3284 653 3337 puers,
677 3267 745 3336 quid
763 3268 843 3323 uerbi
862 3283 896 3322 ex
914 3270 963 3322 tuo
983 3283 1029 3322 ore
1049 3284 1149 3337 supera

144 3335 227 3405 fugit.
264 3335 353 3392 idem
372 3337 472 3394 alibi:
490 3341 649 3408 puerarum’
671 3356 694 3394 e.
714 3357 740 3407 q.
760 3357 780 3393 s.

215 3463 365 3530 senarium,
388 3480 444 3518 acc
467 3463 629 3518 Saturnium
650 3481 703 3519 esse
722 3465 850 3534 protavit
872 3463 934 3518 Bac
957 3479 1024 3518 aaa.
1041 3464 1149 3532 philoll.

146 3535 214 3585 1863
230 3549 259 3602 p.
279 3539 338 3588 331.
375 3534 541 3603 pulcerrime
560 3535 712 3590 Carolc'rut.
732 3533 917 3604 pulcherrime
937 3553 957 3603 φ
