2618 3900
519 115 555 167 n.
575 113 754 168 enervus
959 83 961 88 ’
1077 115 1139 179 137

122 276 217 329 iratus
236 274 327 329 furere
345 275 423 329 luctu
442 273 494 327 filii
512 273 663 328 uideretur.
700 275 739 330 At
757 273 832 328 idem
850 274 953 329 inflexa
972 277 1008 329 ad
1026 275 1140 330 misera

122 347 216 401 bilem
230 363 328 400 sonum
341 362 423 401 uoce:
444 363 541 414 quom
556 348 672 400 aetate
687 389 692 399 .
705 390 709 400 .
723 389 728 400 .
744 345 896 399 traditus
910 346 978 399 flens
994 364 1027 400 ac
1040 347 1139 417 lugens

125 418 220 472 dicere
247 417 405 472 uidebatur.
444 415 521 482 Quae
549 417 573 470 si
600 416 649 470 ille
677 415 790 485 histrio,
819 416 922 470 cotidie
949 435 1012 471 cum
1035 422 1139 488 ageret,

123 493 225 544 tamen
251 491 327 543 recte
353 505 436 558 agere
460 488 520 542 sine
543 488 639 542 dolore
662 505 719 542 non
740 491 865 557 poterat:
893 487 962 556 quid
985 489 1140 544 Pacuuium

40 607 42 610 ,
123 560 236 630 putatis
255 559 286 613 in
305 559 453 614 scribendo
471 559 529 613 leni
549 559 641 613 animo
661 576 694 612 ac
712 558 827 613 remisso
846 559 950 614 fuisse?
969 559 1043 614 Fieri
1061 561 1139 615 nullo

124 632 211 685 modo
237 631 352 700 potuit’
389 630 499 684 Ibidem
516 631 556 684 ΠΙ
575 637 621 700 58,
641 635 692 684 217
722 629 816 684 ‘aliud
845 629 919 684 enirn
946 631 1023 685 uocis
1051 648 1139 701 genus

123 701 275 756 iracrmdia
299 702 354 756 sibi
378 701 474 771 sumit,
500 704 626 771 acutum,
649 700 811 771 incitatum,
836 703 932 756 crebro
955 701 1138 759 incidens

126 777 305 900 {tlsepsquae
323 776 355 828 tu
374 774 492 842 dudum,
512 773 630 841 Antoni,
649 773 806 842 protulisti:
826 789 1009 844 segregare
1029 775 1139 828 abste

204 958 218 1004 1
238 969 322 1006 ausu·
341 953 422 1022 calpe
494 949 665 1004 Salaminem
682 951 774 1006 Lace.
799 951 973 1006 Salaminam
990 953 1103 1023 Lepore.
1122 958 1140 1005 4

127 1022 275 1078 Salamina
293 1043 314 1092 p
387 1029 402 1076 2
422 1039 507 1090 quom
526 1023 587 1076 Eri.
606 1039 640 1076 ra.
656 1039 715 1091 pr,
739 1023 852 1078 Aleriae.
875 1040 938 1076 cum
955 1023 1068 1094 Lepore.
1088 1024 1139 1078 ali-

127 1102 205 1165 quot,
227 1095 299 1158 Grrd.
319 1111 333 1148 e
352 1110 435 1162 quern
453 1115 488 1163 p,
507 1095 636 1162 mobamt
653 1094 833 1148 Hermonaae
900 1103 916 1148 3
936 1093 1055 1148 extinxti
1074 1094 1139 1148 Mo·

125 1167 225 1220 arettae
251 1163 427 1220 exstincxisti
450 1165 512 1220 Eri.
541 1163 687 1218 extinxisti
710 1185 732 1234 φ
806 1172 823 1220 4
850 1181 942 1233 neque
969 1165 1028 1220 eius
1055 1164 1139 1235 grati,

127 1239 236 1292 litterae
257 1255 272 1289 r
294 1238 462 1305 corruptelae
485 1238 564 1306 styrie
586 1253 672 1304 supra
693 1237 813 1304 deposito
830 1237 943 1292 Atrr'rec.
967 1253 1058 1305 neque
1079 1235 1139 1290 eius

126 1307 201 1362 crati
223 1309 299 1377 Eri,
323 1309 423 1362 lineola
445 1309 505 1362 ooet
527 1305 586 1360 eius
604 1308 744 1362 subducta.
780 1323 871 1375 neque
889 1307 970 1377 gnati
989 1307 1048 1362 eius
1068 1309 1138 1362 Her·

126 1397 248 1434 maumas
309 1377 400 1432 tutela
418 1381 461 1432 est
479 1379 541 1433 Eri.
559 1377 678 1432 tutelast
697 1378 779 1434 Harl.
799 1379 911 1434 Atrine.
983 1378 1140 1433 Miseritum

127 1453 172 1504 est
191 1458 310 1506 secatam
328 1467 381 1505 esse
398 1451 507 1505 videtvr
526 1449 686 1504 Hermanno

602 1634 676 1692 XIII

621 1744 702 1807 mihi
725 1745 858 1808 classem
880 1743 1019 1828 imperat

128 1851 320 1916 Thessalum
333 1851 540 1934 nostramque
554 1850 700 1914 inultum
710 1853 747 1914 ut
755 1850 936 1936 properiter
946 1850 1140 1915 deducerem.

127 2061 163 2114 pe
182 1973 273 2098 alippa,
294 1977 389 2070 15’5‚4
418 1971 605 2042 ‘properatim
628 1973 657 2026 et
679 1971 885 2042 properiter,
913 1971 1052 2041 celeriter,
1077 1988 1141 2041 pro-

166 2063 181 2097 l'
201 2063 221 2097 n
251 2062 321 2098 r...

203 2157 217 2204 1
240 2150 362 2220 imperat
384 2150 525 2206 Mereerrrs
546 2149 679 2219 impetrat
697 2169 717 2204 ω
791 2155 806 2202 2
826 2149 992 2203 Thessalam
1012 2151 1052 2205 ed.
1073 2155 1141 2204 1526

182 2221 312 2276 nauitam
331 2223 426 2276 Vrbr'rt.
445 2227 496 2275 308

559 2333 671 2392 'xiv

128 2447 256 2532 Rapide
279 2449 366 2510 retro
390 2445 534 2528 citrdque
556 2444 680 2528 percito
704 2445 793 2508 ae‘stu
813 2444 1021 2528 praecipitem
1039 2449 1141 2510 retem

128 2554 356 2637 Reciprocare‚
378 2551 544 2634 undae'quc
568 2573 585 2614 e
608 2550 739 2636 gremiis
762 2549 940 2614 subiectare
964 2550 1114 2638 adfligere

201 2675 302 2728 Festus
316 2691 343 2742 p.
359 2678 411 2726 274
424 2671 461 2725 M.
483 2671 714 2740 ‘reciprocare
731 2689 782 2740 pro
797 2671 871 2725 ultro
887 2671 1012 2740 citroque
1026 2689 1141 2741 poscere

129 2746 174 2800 usi
195 2748 261 2798 sunt
280 2743 403 2812 antiqui,
422 2742 490 2810 quia
507 2759 622 2814 procare
641 2745 684 2796 est
701 2744 835 2812 poscere’
868 2743 972 2796 Paulus
990 2761 1017 2812 p.
1037 2749 1088 2798 275
1102 2745 1140 2798 M.

131 2817 365 2886 ‘reciprocare
396 2831 447 2884 pro
479 2813 553 2868 ultro
586 2813 712 2882 citroque
743 2814 857 2884 poscere
878 2831 1066 2884 ...procare
1099 2818 1142 2870 est

99 2913 101 2918 ¹
128 2904 259 2959 poscere:
279 2887 367 2940 unde
386 2901 469 2953 eque
487 2885 627 2954 gremiis
647 2903 667 2940 s.
688 2887 724 2939 a.’

204 3001 218 3048 1
238 2995 278 3049 stc
291 2993 449 3048 Buechelerr'
459 2993 563 3060 pertire
576 2993 686 3062 tripertio
700 2993 813 3048 adlatas
826 2994 930 3060 efflent.
959 2993 1057 3062 rapido
1071 2993 1141 3048 reei-

129 3083 216 3138 proco
234 3063 342 3135 percito
360 3065 478 3132 augusto
494 3062 580 3116 citare
597 3065 701 3116 rectem
715 3066 771 3118 cod.
786 3063 884 3133 rapide
897 3063 1034 3133 percitam
1048 3067 1141 3118 aestus

130 3138 220 3193 ociter
242 3139 334 3189 ratem
352 3134 530 3190 Hermonassa
552 3133 650 3202 rapido
674 3133 748 3188 ultro
772 3134 897 3204 citroque
919 3135 1043 3204 percitae
1062 3138 1142 3189 aestu

130 3211 188 3279 (vel
203 3210 310 3276 austro)
328 3204 512 3276 praecipitem
529 3207 620 3258 ratem
637 3206 698 3260 Bae
770 3212 785 3258 2
804 3206 977 3275 reciprocare
994 3208 1051 3260 scil.
1069 3209 1144 3261 ceriti

185 3279 335 3350 undaeque
359 3293 373 3330 e
396 3275 510 3346 gremiis
534 3275 691 3330 subiectare
715 3275 847 3346 adfligere
867 3277 1044 3332 Hermceeas
1068 3277 1142 3332 unde

131 3367 204 3420 eque
222 3347 337 3420 gremiis
357 3347 514 3402 subiectare
534 3347 655 3416 adfigere
674 3349 729 3402 eod.
751 3348 828 3402 Festi
847 3347 920 3400 unde
940 3363 1010 3415 eque
1028 3347 1142 3416 gremiis

131 3423 293 3477 sublectare
322 3437 355 3473 ac
382 3419 466 3488 figere
495 3419 602 3473 Porcius
628 3418 720 3471 undae
748 3434 818 3486 eque
846 3417 958 3487 gremiis
982 3435 1003 3472 s.
1028 3436 1052 3474 a.
1080 3421 1143 3475 Boe

130 3495 254 3548 harenas
272 3492 436 3562 r'satelleperra,
455 3491 502 3544 sed
519 3491 609 3543 ratem
626 3491 679 3544 hae
697 3506 800 3560 qaoque
813 3491 933 3558 perterret
