2630 3886
299 129 348 182 EX
366 129 533 184 INCERTIS
551 130 792 186 INGERTORVM
808 132 962 188 *FABVLIS
1071 133 1135 196 317

125 287 179 341 hoe
197 290 306 342 metron
325 306 491 357 quaenam
506 335 511 344 .
562 291 705 346 Auerni’
722 308 745 346 e.
761 310 787 360 q.
803 310 824 346 s.
853 291 960 358 Quibus
976 293 1049 346 adde
1063 309 1136 360 quae

124 376 173 483 εἶά
174 365 281 484 e&1390
304 361 430 430 excerpsi
454 362 490 414 ad
513 362 592 416 Aoeii
615 362 733 416 Philoot.
753 364 774 418 Ι.
799 363 944 442 'Hercules
968 363 1136 434 interrogari

548 539 705 598 ,CXLVIII

123 636 223 724 Agite
247 640 265 702 6
288 639 396 726 pelagi
420 643 578 726 cursores>

126 743 283 830 Cupidam
306 745 342 810 in
363 747 503 830 patriam
524 749 664 832 portate!

195 874 345 930 Diomedes
371 895 398 946 p.
422 881 473 946 512
491 878 521 932 P.
561 877 789 947 ‘anapaestieum
820 877 970 932 dimetrum
1002 877 1035 929 fit
1066 875 1136 929 inei-
1195 947 1197 950 Ι

125 943 212 1014 sione,
232 945 309 1000 ouius
328 947 399 1004 haee
418 949 546 1018 exempla
564 952 642 1004 sunt:
662 949 750 1018 agite'
771 966 795 1006 e.
814 967 840 1017 q.
860 967 881 1004 s.
911 949 993 1002 ‘sunt
1010 947 1057 1000 hio
1075 946 1137 1002 bini

124 1016 273 1086 anapaesti
295 1021 346 1072 eut
368 1017 418 1087 qui
440 1019 528 1089 recipi
551 1019 654 1087 solent,
678 1020 709 1074 in
732 1019 789 1074 imo
812 1023 907 1074 autem
930 1022 981 1073 aut
1002 1018 1136 1072 baeehius
1312 1033 1314 1119 1

124 1089 169 1211 {st
188 1131 194 1142 .
211 1130 238 1142 ..
259 1091 308 1142 aut
334 1089 493 1145 molossus’
535 1091 654 1160 Tragioo
680 1094 783 1160 poetae
810 1091 911 1144 tribuit
937 1109 962 1144 x.
1001 1089 1040 1144 cf.
1069 1089 1134 1144 hist.
1311 1119 1312 1136 r

42 1179 44 1183 Δ
139 1165 260 1227 regei.
309 1169 312 1176 ·

565 1315 567 1320 .
601 1267 665 1326 OLI

426 1391 499 1434 eum
521 1373 599 1440 uota
622 1369 703 1432 be'ne
726 1369 788 1433 tibi
810 1368 1047 1472 responderint,
1128 1367 1188 1414 *255

123 1471 214 1536 Tune
236 1473 333 1537 funde
356 1473 461 1572 libans

196 1601 286 1656 Schol.
311 1603 442 1658 Beruens.
467 1605 505 1658 ad
523 1605 606 1674 Verg.
627 1621 670 1674 ge.
686 1605 712 1658 Π
728 1608 779 1658 194
796 1623 823 1674 p.
840 1610 891 1658 902
905 1604 939 1658 H.
970 1605 1049 1656 ‘oum
1067 1605 1135 1656 uota

123 1671 177 1726 tibi
206 1673 276 1728 bene
303 1675 511 1746 responderint,
538 1678 605 1730 tune
631 1677 717 1730 funde
739 1675 853 1730 libans’
891 1673 1042 1744 Adseripta'
1064 1674 1135 1728 haee

122 1743 211 1799 fuisse
225 1745 261 1798 ed
275 1763 301 1800 v.
318 1752 368 1800 192
383 1747 512 1817 (pateris
531 1747 681 1802 libamus
698 1750 727 1801 et
741 1748 833 1817 auro’)
845 1745 988 1816 perspexit
1001 1746 1134 1815 Hagenus

121 1833 148 1884 p.
165 1821 224 1884 729,
244 1817 293 1884 qui
311 1817 356 1870 vel
374 1817 478 1888 tragici
496 1817 541 1872 iel
560 1818 660 1873 oomiei
678 1822 781 1888 poetae
798 1819 919 1884 stastum
937 1833 997 1870 esse
1016 1815 1147 1870 monuit·
1246 1871 1247 1874 ,
1307 1825 1308 1836 *

194 1937 208 1983 1
224 1931 277 1984 tibi
291 1932 362 1986 bene
373 1936 429 1988 eod.
443 1934 516 1988 bene
530 1935 624 1988 enimo
639 1937 689 1988 tuo
699 1935 834 2006 Hopeuas
870 1939 885 1985 2
900 1951 939 1986 aa
946 1932 1043 2000 tunde,
1056 1931 1135 1987 liba?

589 2111 669 2170 OLH

122 2261 128 2273 .
166 2207 194 2272 si
219 2209 303 2273 forte
328 2261 334 2273 .
359 2261 365 2273 .
389 2261 395 2273 .
421 2261 427 2274 .
452 2210 612 2295 quispiam
634 2213 783 2298 princeps
806 2234 916 2296 senex,
1136 2284 1137 2287 Ἴ

121 2315 311 2400 Re'oipiebat
335 2315 495 2401 sortisque
521 2321 617 2402 atque
640 2318 819 2403 euspicium
841 2319 1007 2402 repetebat
1030 2319 1134 2384 ¹domo.

178 2447 286 2502 ‘Sehol
306 2447 409 2501 Veron.
428 2447 465 2500 ad
483 2447 567 2517 Verg.
587 2448 655 2502 Aen.
670 2449 696 2500 Π
712 2454 776 2518 178,
794 2448 845 2502 ubi
862 2450 895 2501 ut
913 2448 989 2517 apud
1008 2448 1134 2502 Servium

123 2521 270 2572 enarratur
287 2536 348 2572 mos
367 2519 524 2587 Romanus,
551 2517 575 2572 si
593 2518 668 2572 male
686 2519 754 2573 foris
776 2521 933 2590 pugnatum
951 2521 1037 2586 esset,
1060 2536 1134 2574 nove

122 2587 249 2656 auspiciu
277 2591 360 2642 domo
388 2589 547 2658 repetendi:
578 2591 675 2643 ‘—am
701 2590 900 2660 proficiscitur,
928 2589 994 2644 inde
1022 2589 1132 2644 saueius

121 2657 202 2711 nulla
219 2675 248 2712 re
263 2662 345 2728 gesta
358 2660 510 2714 memoriae
524 2661 687 2715 mandanda
702 2661 813 2716 obieeta
826 2661 974 2732 relligione
988 2661 1134 2714 numinum

120 2727 373 2798 rediit-lemque
393 2730 508 2800 repetiit
522 2735 624 2786 atr—s
640 2732 668 2784 si
682 2731 815 2786 forte—
826 2732 1014 2802 quispiam'
1030 2749 1094 2800 eq.
1111 2751 1132 2788 s.

120 2799 286 2855 Seeenicam
303 2801 403 2870 poesin
423 2803 542 2872 agnovit
558 2802 754 2872 Buechelerus‚
774 2803 831 2857 nisi
847 2804 921 2858 forte
939 2803 1041 2858 Lucilii
1059 2806 1132 2858 sunt.

167 2947 168 2950 =
195 2922 210 2970 -1
230 2916 297 2972 Post
320 2916 345 2970 si
368 2917 443 2971 forte
465 2921 507 2972 vel
527 2935 602 2974 unus
620 2935 670 2988 pes
687 2921 790 2973 occcidit
805 2927 844 2974 ut-
856 2919 955 2974 aderat
972 2921 1015 2974 vel
1031 2921 1086 2975 duo
1102 2919 1133 2972 in

123 2986 224 3042 eastris
242 2987 343 3042 aderat
401 2995 417 3042 2
435 2988 599 3061 recipiebat,
617 2992 642 3044 h.
661 3008 683 3044 e.
701 2992 808 3044 reuoluat
825 2991 941 3045 Roraom
995 2990 1132 3059 sortisque

121 3061 202 3114 unae
218 3061 328 3115 inolitae
346 3061 424 3130 opud
443 3061 566 3114 Keiliwm

580 3201 675 3261 onur

122 3293 161 3366 In
184 3304 255 3368 aree
278 3301 417 3368 Athenis
439 3289 537 3368 statio
559 3325 631 3368 mea
653 3325 738 3368 nuno
761 3303 884 3387 <mihi>
906 3303 1020 3387 placet.

195 3431 290 3487 Cicero
314 3434 352 3487 ad
374 3433 502 3488 Atticum
520 3433 559 3488 VI
578 3440 593 3488 9
613 3437 681 3491 extr.
718 3433 824 3488 Dubito
851 3435 946 3488 utrum
967 3419 1132 3502 tragoediae

123 3520 161 3556 an
179 3503 341 3558 comoediae
360 3505 490 3560 tribuum.
