2624 3888
160 137 227 201 226
578 138 607 192 L.
628 139 754 204 ACCIVS

637 307 693 365 XV

160 416 239 494 Quis
262 418 337 502 erit,
362 418 417 502 qui
439 439 506 482 non
528 439 579 482 me
603 420 768 503 spirnens,
792 417 928 482 incilans
951 418 1092 502 probris,

160 523 313 590 Sermone
336 525 524 589 indecorans
548 525 745 609 turpissima
768 523 915 589 differet?

229 666 300 720 Non.
321 671 381 734 124,
396 671 430 718 32
452 663 614 718 ‘incilarc
634 667 677 718 est
694 663 839 734 increpare
857 665 905 718 uel
922 664 1091 734 inprobare?

230 797 243 843 1
265 789 313 858 qui
332 789 370 843 rit
388 790 427 845 L:
450 791 514 858 sort.
534 788 583 857 qui
602 788 655 843 crit
720 796 735 842 2
755 789 866 844 differet
883 790 988 844 Jaaias
1006 788 1131 844 differret
1150 811 1177 845 ω

626 958 698 1016 XVI

103 1067 258 1133 460'Erat
280 1069 363 1132 istuc
386 1067 494 1154 uirsse,
517 1067 600 1132 ferre
624 1069 793 1134 aduorsam
816 1070 979 1134 fortuncim
1002 1069 1096 1134 facul.

226 1207 298 1262 Non.
319 1213 379 1277 111,
395 1215 427 1262 23
449 1207 557 1262 ‘facul
575 1225 625 1278 pro
644 1208 768 1263 faciliter
783 1251 788 1264 .
801 1253 806 1262 .
820 1209 836 1261 .'

225 1331 299 1386 istuc
317 1331 399 1386 uirile
419 1332 531 1387 Vossius
548 1331 630 1386 uirile
649 1331 723 1385 istuc
741 1353 763 1386 a
817 1351 856 1386 aa
875 1333 1024 1387 aduorsam
1042 1333 1136 1389 farre?

614 1499 701 1558 XVII

165 1609 271 1697 Frigr‘t
301 1611 471 1676 fricantem
503 1611 618 1694 corpus
650 1632 763 1674 saxum
796 1610 920 1674 occulto
952 1610 1100 1676 abstruso
1134 1613 1172 1677 in

789 1717 930 1783 flumine.

100 1574 152 1622 461

97 1665 151 1713 462

223 1803 295 1857 Non.
315 1807 375 1872 308,
392 1809 407 1857 9
426 1802 502 1874 (vide
520 1802 570 1871 IV)

223 1926 316 1997 frigit:
349 1929 383 1994 cf.
412 1929 502 1992 caroli.
525 1927 587 1980 LIX
670 1926 810 1996 fricatque
837 1944 937 1997 corpus
964 1929 1008 1982 air
1035 1931 1061 1983 d.
1090 1932 1169 1999 apud

159 1999 283 2054 Vosciraa
354 2015 453 2052 saxum
475 2000 578 2053 conieci
596 2005 706 2068 practer
728 2000 787 2053 alia
813 2015 915 2052 acuum
933 2019 954 2052 a
978 2002 1072 2052 atrum
1095 2002 1169 2056 idem

151 2087 175 2123 a.
196 2071 221 2124 d.
296 2068 411 2123 obtruso
430 2070 465 2123 B.
504 2069 553 2123 Aa
575 2069 754 2124 abstrusum?
826 2069 896 2124 Maii
918 2087 980 2125 cara
996 2072 1062 2125 hacc
1082 2071 1170 2141 erigIt

151 2139 302 2194 fricantem
321 2157 421 2209 corpus
441 2142 539 2193 saxum
558 2140 718 2194 abstrusum
735 2139 766 2192 in
783 2139 897 2194 flumine
916 2142 1035 2196 iaderam

224 2263 390 2319 Coniectura
408 2263 453 2316 his
473 2263 540 2317 addi
558 2263 626 2318 licet
644 2263 697 2317 inc.
718 2263 772 2318 inc.
791 2263 848 2318 fab.
869 2263 928 2318 cxl
947 2268 976 2319 et
994 2264 1087 2321 CXIII.

407 2450 532 2509 MINOS
556 2449 618 2509 sive
641 2449 904 2510 MINOTAVRVS

150 2577 211 2643 'Ex
238 2579 406 2666 taurigeno
434 2579 554 2643 semine
583 2581 687 2641 ortam
710 2577 810 2642 fuisse
834 2600 874 2642 an
895 2577 1037 2642 humano
1060 2578 1162 2643 feram

220 2717 381 2773 Priscianus
399 2737 426 2788 p.
442 2723 493 2772 677
507 2717 537 2772 P.
566 2716 752 2786 ‘caprigenus,
771 2717 936 2787 terrigenas,
955 2716 1161 2788 tauriganus

151 2835 192 2844 ...
208 2789 309 2843 Accius
327 2789 358 2842 in
371 2789 440 2844 Ioc:
460 2789 508 2842 ex'
525 2805 548 2842 e.
563 2806 589 2856 q.
605 2807 626 2844 s.
652 2787 698 2858 (in
716 2789 799 2843 .I.0e
815 2789 896 2842 Bern.
925 2788 1037 2842 Minoe
1051 2788 1161 2859 Dresd.)

150 2860 310 2914 Macrobius
330 2861 387 2914 Sat.
407 2860 446 2914 VI
460 2865 485 2928 5,
501 2865 534 2912 14
564 2859 816 2929 ‘caprigenumque
842 2876 928 2929 pecus
944 2859 1102 2915 ..Accius
1130 2859 1161 2912 in

148 2930 365 2986 Philocteta...
381 2930 456 2984 idem
474 2929 504 2983 in
522 2929 718 2985 Minotauro
734 2932 787 2986 ...⁷

219 3070 254 3107 ex
272 3070 322 3108 om.
338 3053 500 3110 Macrobius
551 3057 643 3108 ortum
658 3053 820 3109 Macrobius
838 3057 929 3108 ortam
937 3054 1161 3110 marrutiussc

147 3126 231 3180 Haib.
251 3125 393 3180 Prrccraai
464 3124 551 3178 fuisse
574 3142 624 3180 ora.
649 3126 716 3180 Par.
738 3126 822 3196 Aaal.
842 3126 939 3181 Satrai).
960 3126 1036 3181 Meri.
1056 3146 1074 3181 a
1093 3126 1160 3181 Ma-

147 3198 233 3251 crobii
304 3212 341 3249 an
363 3195 485 3249 humano
508 3194 596 3250 foram
620 3198 729 3252 coaicci.
768 3213 804 3250 an
826 3197 962 3266 humano,
986 3214 1037 3252 ora.
1061 3197 1159 3266 feram,

146 3268 289 3321 Prisciani
302 3267 369 3338 Rea.
384 3285 418 3321 ra.
435 3273 458 3336 1,
478 3266 639 3322 Macrobius
653 3283 716 3322 cam
730 3284 767 3321 an
781 3267 904 3324 humano
921 3268 1000 3325 Grai.
1017 3269 1161 3324 Prisciani

147 3354 184 3390 an
202 3337 324 3390 humano
344 3353 407 3391 eam
425 3359 447 3406 φ

396 3504 661 3564 uranioouus
699 3507 774 3564 vioe
797 3528 825 3583 p.
848 3509 910 3568 158
