2624 3888
545 173 576 228 L.
595 172 722 227 ACCIVS

610 385 654 444 IV

429 497 553 581 <quce>
576 518 636 582 ego
658 495 778 581 incipio
802 499 916 560 conata
939 497 1086 578 e'xcquar.

197 637 269 690 Non.
281 642 341 704 202,
354 642 386 690 13
403 636 562 690 ‘conatus
575 635 739 690 masculino.
763 636 871 690 Neutro
880 634 982 690 Accius
992 635 1077 690 Atreo
1086 679 1092 691 .
1102 679 1108 690 .
1117 635 1135 690 .’

197 777 334 829 exsequor
351 763 457 816 amauit
473 761 593 816 Belbina

615 929 644 986 V

569 1036 687 1104 Atreus

870 1129 1009 1214 cidarim,
1108 1215 1111 1220 Ι

120 1217 210 1282 Dum
233 1219 387 1281 metuant.

195 1357 301 1411 Seneca
320 1356 355 1409 de
373 1355 416 1409 ira
434 1356 447 1408 I
462 1361 541 1426 20,4
565 1357 637 1410 ‘non
660 1355 773 1424 aliquae
795 1372 879 1410 uoces
898 1357 935 1409 ab
954 1355 1035 1410 iratis
1054 1355 1135 1410 emit-

120 1431 297 1482 tuntur...?
324 1426 417 1495 qualis
444 1426 496 1482 issa
523 1425 585 1481 dira
609 1429 638 1481 et
661 1426 863 1482 abominanda:
893 1426 1031 1481 oderint
1059 1427 1135 1480 dum

120 1501 286 1553 metuant.
325 1497 467 1552 Sullano
496 1497 586 1552 scias
613 1498 753 1552 saeculo
777 1497 961 1566 scriptam'
998 1498 1076 1551 Idem
1099 1498 1134 1552 de

122 1569 275 1624 clementia
288 1569 301 1622 Ι
316 1575 358 1637 12,
372 1577 397 1624 4.
416 1570 442 1622 H
456 1575 481 1636 2,
497 1575 512 1622 2
534 1570 577 1623 ‘ut
595 1569 685 1623 illam’
706 1573 755 1639 (sc.
774 1572 881 1638 vocem)
902 1568 1024 1623 ‘oderint
1042 1569 1068 1622 d.
1088 1587 1133 1638 m.‚

121 1641 169 1695 cui
188 1640 310 1694 Graecus
333 1657 430 1694 uersus
454 1639 554 1694 similis
578 1643 633 1708 est,
655 1639 704 1708 qui
723 1657 753 1694 se
771 1643 881 1694 mortuo
900 1642 1005 1694 terram
1022 1639 1134 1694 misceri
1158 1677 1160 1682 -

121 1711 237 1782 ignibus
255 1711 355 1766 iubet'
385 1711 480 1766 Cicero
500 1712 535 1765 de
554 1711 599 1766 off.
614 1712 626 1764 I
641 1717 684 1780 28,
699 1717 732 1766 97
754 1713 796 1765 ‘ut
815 1710 839 1764 si
853 1711 962 1765 Aeacus
978 1713 1027 1765 aut
1041 1710 1133 1765 Minos

122 1783 242 1838 diceret:
263 1781 400 1836 oderint
419 1783 445 1836 d.
463 1801 500 1836 m.
520 1785 570 1836 aut
589 1783 688 1854 [XIV]
707 1782 870 1837 indecorum
887 1781 1038 1850 uideretur,
1058 1782 1134 1850 quod

121 1871 171 1908 eos
190 1853 277 1907 fuisse
295 1853 384 1907 iustos
404 1853 570 1920 accepimus.
607 1856 645 1907 At
667 1855 771 1908 Atreo
795 1853 932 1908 dicente
950 1853 1067 1923 plausus
1088 1870 1134 1907 ex-

122 1925 261 1980 citantur:
289 1927 333 1978 est
361 1923 436 1978 enim
463 1924 549 1994 digna
577 1941 697 1996 persona
725 1925 835 1980 oratio’
878 1925 957 1979 Idem
982 1942 1033 2006 pro
1062 1925 1132 1980 Sest.

120 2002 167 2064 48,
183 2002 234 2050 102
255 1995 400 2049 ‘multae
419 1995 571 2050 insidiae
590 1999 669 2050 sunt
687 1995 787 2050 bonis
801 1995 946 2050 uerissime
961 1996 1068 2050 drotum
1082 1999 1133 2050 est.

121 2068 173 2122 sed
191 2071 220 2121 te
240 2067 316 2148 [215]
335 2065 528 2138 inquit[‘216].
556 2067 679 2120 Nollem’
700 2067 1040 2136 (sicReg.m.1Gcmbl.
1058 2067 1133 2120 nul-

120 2139 192 2192 lum
223 2141 309 2192 oeten
341 2137 419 2204 libri,
452 2138 528 2206 quod
554 2141 656 2206 poetae
683 2137 785 2192 tribuit
814 2137 901 2192 etiam
928 2139 1134 2208 Lachmannus)

122 2209 215 2264 ‘idem
239 2207 295 2262 alio
318 2209 380 2262 loco
404 2207 536 2263 dixisset’
564 2208 615 2278 (sic
640 2209 725 2264 schol.
749 2212 782 2264 ut
799 2209 1017 2279 Wesenbergius
1045 2208 1135 2262 dixit

121 2281 198 2349 edd.)
219 2280 309 2348 ‘quod
328 2279 487 2348 exciperent
505 2279 627 2348 improbi
645 2280 733 2336 ciues:
758 2280 895 2334 oderint
914 2280 939 2334 d.
959 2281 1011 2336 m.’
1041 2280 1132 2334 Sehcl.

118 2352 190 2406 Bob.
210 2351 241 2404 in
261 2351 279 2404 l.
299 2351 317 2404 l.
338 2352 383 2404 ‘et
400 2350 453 2404 hoc
472 2349 598 2404 eiusdem
615 2354 717 2420 poetae
735 2355 791 2406 est:
815 2351 954 2406 oderint
973 2352 1048 2404 dum
1066 2368 1134 2404 me-

118 2425 235 2491 tuant,
255 2439 340 2490 quam
358 2421 527 2476 sententiam
546 2421 703 2476 detestatur
716 2421 798 2490 quasi
811 2421 989 2492 tyrannicam
1007 2425 1036 2476 et
1053 2421 1134 2475 inau-

119 2493 261 2564 spicatam
279 2492 386 2547 liberae
405 2491 536 2547 ciuitati!
568 2492 663 2548 Cicero
677 2493 749 2547 Phil.
764 2494 777 2546 Ι
792 2499 837 2561 14,
853 2499 887 2546 34
906 2493 992 2560 ‘quod
1005 2492 1133 2546 uidemus

119 2565 210 2620 ctiam
223 2564 253 2618 in
267 2563 365 2618 fabula
378 2563 422 2616 illi
436 2563 499 2634 ipsi,
514 2563 564 2632 qui
578 2564 715 2618 oderint
729 2565 755 2620 d.
770 2583 806 2619 m.
822 2563 931 2631 dixeiit,
945 2562 1133 2632 perniciosum

118 2635 228 2690 fuisse?
263 2635 413 2689 Suetonius
432 2635 520 2704 Oalig.
540 2641 574 2689 30
595 2635 746 2706 ‘tragicum
763 2635 835 2688 illud
854 2633 973 2688 subinde
991 2634 1132 2690 iactabat:

119 2706 260 2762 oderint
279 2707 304 2760 d.
323 2707 371 2760 m.'
405 2705 525 2760 Invertit
543 2705 671 2760 Tiberius
690 2705 825 2760 dictitans
845 2705 967 2760 ‘oderint
985 2706 1051 2759 dum
1070 2722 1133 2776 pro-

118 2779 200 2833 bent’
220 2779 293 2832 teste
313 2777 446 2832 Suetonio
465 2777 527 2832 Tib.
542 2783 584 2832 59.

193 2909 251 2973 laq.
269 2903 397 2958 Fortasse
406 2905 502 2958 iuncto
512 2921 591 2959 cerac
600 2902 712 2956 oderint
722 2902 789 2956 dum
798 2904 928 2957 metuant
936 2904 1068 2973 scriptum
1077 2903 1134 2970 fuit

604 3106 648 3165 VI

16 3269 17 3272 ,
118 3217 184 3295 Qui
207 3218 274 3281 n6n
296 3220 346 3281 sat
368 3217 484 3281 habuit
507 3219 677 3304 coniugem
700 3217 805 3282 inlexe
829 3216 864 3282 in
886 3220 1043 3300 stuprum.
1134 3233 1186 3284 205

191 3355 287 3410 Cicero
306 3356 341 3409 de
359 3358 417 3410 nat.
437 3356 675 3425 <lacrumans
694 3355 770 3426 (vide
788 3355 845 3426 III).
874 3355 994 3409 Versum
1012 3370 1072 3409 esse
1090 3353 1133 3408 in-

117 3426 234 3482 tellexit
251 3426 428 3481 Heindorfius

191 3548 241 3620 qni
260 3549 385 3607 Ciceroni
401 3551 529 3608 reddebat
547 3550 749 3606 Scbcemaaaus
