2630 3886
178 118 244 180 300
350 118 399 170 EX
417 117 585 172 INOERTIS
604 117 844 172 INOERTORVM
862 117 1013 172 FABVLIS

606 285 756 344 LXXXIX

128 410 178 458 166
190 393 292 470 Quam
310 397 414 482 magis
432 419 583 460 aerumna
599 400 707 482 urget,
725 400 791 459 tam
806 396 909 481 magis
923 395 963 458 dd
976 395 1060 458 male
1074 394 1193 458 facien·

818 503 893 565 drim
915 503 1013 588 nigei.
1287 493 1288 510 ¹

253 631 443 696 Quintilianus
462 635 500 686 IX
515 641 543 703 3,
560 639 592 687 15
616 633 686 687 ‘alia
704 631 909 687 commendaiio
927 631 1092 700 6666666616,
1113 629 1193 684 66166
1287 615 1288 684 l

184 705 294 756 amabor
313 704 394 758 uniee
413 705 554 774 Vergilius
574 705 641 760 fun:
665 704 712 758 661
730 722 794 757 eum
813 721 841 757 se
859 702 995 773 pauidum
1014 705 1113 756 eontra
1131 718 1196 755 mea

183 773 276 844 iurgia
294 774 397 844 166666
422 775 588 845 Progeniem
613 776 671 830 sed
690 775 777 829 enim
795 774 916 828 Troiano
936 791 953 843 a
971 773 1109 844 sanguine
1128 773 1194 826 duci

181 845 326 900 Audierat.
364 846 487 911 Quorum
511 847 615 900 similia
639 847 728 915 apud
751 849 886 900 ueteres
909 844 1064 914 tragicos
1089 844 1193 898 eomi-

182 933 309 984 cosque
337 921 402 970 6666
428 917 557 986 plurima.
601 918 676 970 lllud
702 921 732 971 66
757 917 789 970 16
815 915 1016 970 consuetudine
1044 915 1194 970 remansit:

182 987 363 1042 enimuero.
395 989 446 1042 His
467 989 586 1058 amplius
606 989 681 1058 apud
700 989 831 1042 eundem:
850 1005 925 1041 nam
939 986 1001 1055 quis
1015 989 1045 1040 66
1058 987 1196 1039 iuuenum

183 1058 431 1126 confidentissime3
455 1077 510 1127 quo
530 1059 663 1113 sermonis
682 1059 797 1113 initium
814 1059 846 1112 fit
865 1061 904 1114 et:
926 1061 995 1112 iam
1012 1057 1122 1128 magis
1143 1057 1198 1110 illa

182 1132 303 1182 tremens
323 1133 352 1183 66
370 1130 499 1184 tristibus
519 1131 604 1185 effera
621 1131 754 1200 flammis,
777 1129 879 1194 Quam
897 1129 1005 1198 magis
1024 1129 1113 1182 effuso
1134 1146 1196 1182 orn-
1287 1139 1288 1198 g

183 1200 301 1252 61666666
329 1201 465 1271 sanguine
487 1219 607 1271 pugnae.
646 1203 721 1269 quod
745 1204 788 1255 666
810 1217 922 1255 uersum
945 1217 979 1253 ex
1001 1199 1065 1255 illo:
1095 1217 1196 1267 quam
1287 1215 1288 1268 f

182 1271 306 1340 magis’
328 1288 350 1326 e.
371 1291 397 1341 q.
417 1291 438 1327 s.
477 1273 565 1342 ‘pleni
587 1273 693 1326 talibus
717 1272 828 1340 antiqui
852 1274 925 1325 6666.
962 1271 1045 1324 161616
1064 1270 1196 1324 Eunuchi
1287 1275 1288 1296 ³

183 1341 330 1396 Terentius
404 1361 438 1398 ex
457 1343 562 1398 Graeco
586 1361 653 1398 uero
676 1344 816 1397 translata
838 1343 884 1396 uel
908 1341 1025 1396 Sallusti
1048 1341 1193 1410 plurima!
1287 1361 1288 1364 ¹

183 1413 225 1465 Ex
243 1416 338 1468 velere
356 1415 504 1484 tragoedia
524 1418 635 1484 sumpta
654 1431 714 1468 esse
733 1417 830 1468 nostra
848 1413 1027 1468 coniecerunt
1040 1413 1149 1482 Regius
1168 1415 1198 1465 66

184 1485 322 1607 Muretus:
341 1503 424 1554 posse
443 1487 480 1539 ad
498 1485 582 1539 Ennii
601 1486 730 1540 Medeam
748 1484 844 1539 referri
863 1484 934 1538 6661.
953 1483 1049 1552 Eurip.
1065 1490 1118 1538 364
1138 1483 1196 1536 dixi
1287 1509 1288 1514 =

206 1555 251 1610 166,
271 1559 342 1626 trag.
360 1563 418 1611 153.

200 1689 202 1694 ·
257 1667 366 1724 animus
384 1651 573 1742 supplendum*
585 1674 692 1727 oidetwr

655 1803 713 1898 'xo

149 1969 154 2008 t
188 1946 251 2023 Qui
275 1949 341 2011 esse
364 1949 436 2012 6616
459 1950 545 2032 quod
567 1907 651 2034 6616,
675 1950 704 2013 61
727 1950 773 2012 ita
797 1949 851 2012 (166
873 1950 906 2012 66
924 1970 988 2032 666,
1010 1951 1048 2010 66
1067 1947 1197 2032 operam
1287 2043 1288 2048 η

824 2053 921 2118 dubit.
1287 2053 1288 2072 l

259 2181 354 2236 Cicero
374 2183 408 2237 de
427 2187 484 2238 666.
505 2185 578 2240 deor.
594 2186 689 2254 11126,
706 2191 739 2238 66
760 2184 857 2255 ([Ε66.
877 2184 950 2238 Med.
965 2183 1041 2254 VIII]
1060 2199 1196 2252 parumne
1287 2179 1288 2212 ³

186 2253 350 2308 ratiocinari
377 2255 489 2309 uidetur
517 2259 546 2310 66
569 2257 624 2310 6161
646 2256 708 2326 ipsa
731 2255 869 2308 nefariam
891 2258 999 2324 pestem
1020 2254 1197 2308 machinari?
1287 2265 1288 2282 ³

186 2325 259 2378 illud
281 2342 348 2379 uero
371 2343 456 2394 quam
479 2327 583 2381 callida
605 2327 728 2381 ratione!
759 2326 822 2391 Qui
840 2325 916 2380 uolt
935 2342 957 2380 e.
977 2343 1003 2392 q.
1024 2343 1044 2380 s.
1076 2325 1138 2393 ‘qui
1156 2328 1200 2378 666

187 2413 284 2450 uersus
309 2397 432 2450 omnium
455 2399 608 2452 seminator
625 2397 769 2452 malorum.
789 2397 876 2520 {Eun
895 2397 968 2451 Med.
988 2395 1038 2468 IX]
1114 2399 1197 2464 atque

188 2469 305 2522 eadem
323 2469 441 2522 Medea
463 2473 572 2539 palrem
594 2469 771 2538 patriamque

188 2539 287 2605 666166,
307 2539 347 2593 616
365 2557 401 2593 66
419 2541 492 2594 ratio
512 2540 625 2608 quidem
644 2539 754 2594 defuit?
783 2540 827 2593 Ab
846 2538 937 2592 Ennio
956 2538 986 2590 in
1003 2537 1106 2592 Medea
1123 2537 1197 2590 16666

187 2611 220 2664 fr.
235 2611 300 2664 Vlll
319 2614 348 2664 66
363 2611 402 2663 IX
420 2611 494 2664 huno
513 2630 538 2666 v.
559 2611 694 2666 insertum
713 2627 773 2664 esse
793 2609 908 2678 conieci,
928 2613 1035 2664 6666666
1053 2625 1114 2663 6666
1134 2625 1196 2662 eon·
1287 2623 1288 2670 5

188 2681 281 2735 6666116
299 2681 442 2736 Vahlenus
461 2682 518 2737 ind.
538 2683 614 2736 16666.
636 2687 704 2736 1877
722 2700 749 2750 p.
765 2687 789 2736 8.

802 2468 900 2537 ugiens
920 2467 1036 2539 [XCIII]
1067 2467 1147 2534 huie‚
1167 2469 1198 2518 66
1287 2471 1288 2510 ὲ

260 2813 320 2850 6666
348 2796 409 2868 6616
432 2797 508 2864 quod
530 2797 604 2866 6616,
632 2797 659 2850 61
678 2804 791 2866 propter
814 2799 940 2858 66666666
961 2798 1079 2850 munima
1102 2797 1198 2864 scripsi

188 2867 251 2922 6616
269 2885 329 2921 6666
348 2869 424 2935 quod
442 2868 504 2922 6616
522 2869 613 2923 Palat.
635 2870 758 2935 Vindob.‚
777 2869 849 2937 quod
863 2875 972 2937 praeter
991 2869 1060 2922 alios
1078 2868 1199 2934 defendit

193 2941 338 2994 Vahlenas
349 2939 410 2992 6616
429 2939 504 3006 quod
522 2939 584 2993 6616
602 2940 699 2994 Leidd.
719 2939 811 2994 Ano
826 2939 888 2994 Ere.

663 3105 730 3165 XCI

189 3216 300 3282 Miseri
315 3221 390 3281 6666
405 3217 460 3301 qui
475 3219 591 3282 uxdres
607 3217 734 3280 (166666.
750 3254 792 3262 -
802 3214 857 3279 ‘Aa
871 3219 908 3279 66
923 3214 1043 3278 duxisti
1057 3215 1197 3279 a‘lleram.

199 3337 201 3343 '
259 3348 341 3401 Rhel.
362 3347 628 3416 scinomannis,
644 3352 678 3400 39
699 3345 784 3399 ‘item
802 3345 937 3399 uitiosum
951 3347 1001 3414 666,
1021 3344 1097 3412 quod
1111 3343 1158 3398 uel
1170 3343 1198 3396 in

191 3417 278 3470 alium
301 3419 347 3472 uel
369 3418 400 3470 in
423 3435 487 3471 eum
508 3417 613 3486 ipsum,
642 3416 691 3484 qui
714 3416 784 3470 (11616
803 3449 836 3457 -
855 3417 931 3485 quod
953 3416 984 3468 in
1007 3415 1197 3470 aduersarium

191 3487 313 3540 dicit-
331 3491 426 3556 polest
444 3487 603 3557 conuenire,
623 3488 677 3540 hoe
694 3488 791 3543 modo:
815 3487 946 3542 miseri’
967 3503 990 3542 e.
1010 3505 1036 3555 q.
1056 3505 1077 3541 s.
1113 3486 1196 3540 Posse
