2630 3886
167 146 232 210 262
583 151 613 204 L.
633 149 759 206 ACCIVS

608 318 733 376 XXXVI

166 396 306 462 Hectora

237 519 325 600 Varro
346 521 417 575 del.
437 522 455 576 l.
474 523 548 578 X'10
562 523 599 576 M.
630 523 741 576 ‘Accius
760 523 829 604 liaeo
848 523 878 578 in
896 523 1050 594 tragoediis
1068 524 1179 594 largius

166 607 184 644 a
211 608 305 662 prisca
333 593 535 675 consuetudine
562 611 674 648 mouere
700 597 793 676 coemi
817 595 904 676 etad
927 595 1030 676 formas
1054 593 1179 650 Graecas

164 663 1180 805 3310112111351ffitttillut1¹1²Imm·

597 904 739 962 XXXVII

165 989 289 1050 termen

235 1107 324 1161 Varro
349 1107 603 1164 ‹101112111
643 1110 753 1162 ‘terra
780 1107 857 1162 dicta
885 1109 920 1162 ab
949 1125 995 1178 ec,
1024 1113 1056 1164 ut
1078 1111 1178 1167 Aelius

165 1177 276 1246 scribit,
300 1178 376 1245 quod
394 1179 550 1234 teritur...
566 1179 631 1232 hinc
649 1179 718 1233 fines
738 1197 868 1248 agrorum
885 1180 1010 1248 termini,
1029 1183 1106 1250 quod
1125 1199 1179 1238 eae

164 1247 253 1318 partia
272 1251 387 1318 propter
407 1250 529 1305 limitare
547 1251 602 1306 iter
614 1250 735 1304 maxime
748 1253 888 1306 teruntur:
907 1251 1004 1319 itaque
1018 1253 1071 1307 hoc
1085 1271 1151 1307 cum
1165 1255 1179 1308 I

164 1319 194 1372 in
213 1319 295 1373 Latio
319 1319 430 1389 aliquot
453 1321 523 1376 locis
542 1321 657 1390 dicitur,
679 1324 711 1374 ut
729 1321 804 1390 apud
822 1321 938 1376 Accium
955 1324 1178 1392 mummium,

166 1391 216 1444 sed
229 1393 379 1446 termem'
404 1392 573 1448 Emendavit
584 1393 613 1447 L.
630 1391 808 1462 Spengclius:
827 1393 967 1448 heccum
984 1393 1012 1448 is
1027 1393 1062 1448 in
1075 1395 1179 1452 Latio

164 1461 237 1516 Flor.
256 1462 332 1516 idem
350 1464 495 1518 terimen
513 1463 640 1518 coniecit.

592 1596 748 1654 XXXVIII

165 1680 369 1744 inimicitiam

235 1800 377 1854 Charisius
395 1819 422 1870 p.
440 1807 471 1854 15
485 1801 515 1855 P.
551 1799 732 1856 ‘inimicitiae
756 1805 785 1856 ct
807 1800 938 1856 insidiae
950 1803 1099 1872 pluraliter
1118 1804 1180 1858 dici

164 1871 276 1939 debent,
292 1872 340 1925 sed
352 1871 501 1926 Sallustius
516 1871 551 1926 de
565 1871 675 1926 insidiis
690 1871 781 1942 prima
795 1872 895 1942 inquit,
906 1875 935 1928 et
944 1873 1044 1928 Accius
1059 1873 1180 1928 inimi-

164 1941 285 1995 citiam
303 1941 393 1998 dicit?

605 2023 730 2081 XXXIX

164 2104 255 2168 aluus
278 2102 477 2192 (musculiue)

234 2225 375 2280 Charisius
399 2244 425 2295 p.
446 2231 479 2280 61
498 2227 529 2280 Ρ.
573 2227 702 2280 ‘aluum
731 2227 872 2296 Vergilius
905 2228 1039 2284 feminino
1071 2247 1177 2300 genere

163 2313 247 2366 saepe
271 2297 355 2367 dixit,
380 2298 440 2350 sed*
452 2297 641 2352 masculine
666 2298 769 2352 Caluus
841 2301 871 2352 et
889 2299 1005 2354 Heluius
1026 2300 1176 2357 Cinna...

162 2371 192 2423 et
205 2367 340 2422 Laberius
360 2371 389 2422 et
403 2368 503 2422 Accius
522 2369 689 2438 frequenter,
709 2370 784 2436 quod
802 2369 892 2439 magis
911 2389 978 2426 usus
997 2372 1175 2428 celebrauit!

163 2439 202 2494 Cf.
223 2439 312 2510 Caper
330 2439 406 2495 CCL.
422 2440 472 2520 Vll
490 2459 516 2510 p.
533 2445 649 2508 107,12.

636 2573 703 2644 XLI

163 2654 245 2742 (hic)
268 2655 356 2720 Iouis

233 2768 374 2837 Excerpta
399 2784 433 2821 ex
455 2785 536 2822 anon.
560 2783 675 2838 gramm.
701 2769 731 2820 in
753 2767 785 2821 A.
804 2768 864 2822 Mai
888 2763 961 2823 auct.
986 2769 1065 2824 class.
1080 2771 1106 2823 V
1121 2777 1175 2826 151

165 2839 299 2908 ‘legimus
317 2839 348 2892 in
367 2838 456 2908 Capro
475 2838 521 2892 hic
539 2837 639 2892 Iouis.
669 2837 755 2892 etiam
773 2839 898 2894 Naeuius
916 2839 1010 2894 Attius
1025 2841 1177 2913 Pacuuius,

164 2926 259 2964 omnes
277 2908 326 2964 isti
344 2911 462 2964 utuntur
480 2910 533 2966 huc
552 2909 697 2978 exemplo.’

626 3041 710 3100 XLII

163 3129 265 3190 status

233 3237 304 3291 Nou.
316 3243 376 3306 226,
389 3243 423 3291 24
436 3237 589 3297 ‘statura
602 3237 712 3308 generis
727 3237 862 3292 feminini¹
881 3239 1005 3294 Lucilius
1015 3240 1063 3296 lib.
1073 3261 1176 3299 xxvm:

163 3325 249 3376 quare
267 3325 317 3376 pro
334 3307 417 3376 facie,
436 3325 486 3376 pro
501 3310 610 3362 statura
624 3309 719 3362 Acciu'
735 3311 866 3364 status!
888 3309 927 3365 Cf.
943 3311 1037 3366 coroll.
1052 3312 1175 3383 LXIIsq.

164 3377 371 3500 com'liiiiiiiiiii
396 3451 425 3502 et
452 3448 570 3504 dubium¹
597 3450 754 3519 exemplum
782 3451 858 3520 apud
884 3451 998 3507 Festum
1024 3472 1050 3522 p.
1070 3459 1122 3510 359
1145 3474 1175 3511 v.

167 3518 335 3572 tammodo
351 3521 438 3587 extat,
458 3519 492 3572 de
507 3536 562 3586 quo
576 3519 610 3574 cf.
626 3521 720 3574 coroll.
736 3538 805 3577 eom.
821 3521 943 3591 CXXIX3
962 3523 1081 3580 alterum
1096 3529 1176 3594 quod
