2618 3900
531 173 568 226 M.
588 171 768 226 PACVVIVS
1091 169 1155 234 153

145 333 427 388 curuiceruicum
445 333 567 402 pecus?
597 331 705 401 Tetigit
722 329 846 384 Lucilius
865 349 890 384 v.
912 335 963 384 170
977 331 1006 385 L.
1040 329 1095 384 Vix
1114 330 1164 383 du-

145 406 232 460 bium
250 404 320 473 quin
338 405 375 459 ad
394 404 532 459 Teucrum
549 403 718 474 pertineant.

224 530 255 584 in
273 529 381 584 ceruice
399 527 506 582 ruicum
525 529 659 584 Varronis
678 527 765 595 Flor,
784 543 851 582 corr.
871 526 961 581 Aldus

618 714 699 772 XLV
741 713 743 716 ’

149 891 157 902 .
184 836 383 920 profectione
406 834 483 899 laeti
505 833 643 918 piscium
666 831 832 897 lasciuiam

148 943 349 1027 'intuentur,
372 943 430 1006 nec
454 941 566 1006 tuendi
588 941 719 1004 satietas
742 940 850 1024 capiar
872 943 988 1024 potest.
1165 952 1218 1000 410

150 1049 293 1114 'Interea
314 1071 414 1133 prope
438 1048 503 1112 iam
527 1047 690 1111 occidente
713 1047 780 1110 sole
803 1045 996 1110 inhorrescit
1018 1066 1119 1129 mare,

151 1155 319 1222 Tenebrae
354 1154 634 1239 conduplicantur,
669 1153 837 1237 noctisque
869 1155 902 1216 et
932 1151 1079 1216 nimbum
1111 1150 1165 1216 ob-

793 1261 901 1324 caecat
923 1260 1048 1346 nigror,

151 1369 303 1434 Flamma
335 1371 420 1435 inter
451 1369 554 1434 nubes
585 1371 746 1452 coruscat,
782 1367 905 1432 caelum
937 1366 1060 1430 tonitru
1092 1365 1166 1430 con·

794 1473 918 1557 tremit,
1153 1489 1166 1529 s

155 1580 288 1647 Grando
311 1583 414 1646 mixta
436 1581 537 1647 imbri
552 1582 697 1668 largifico
716 1580 824 1644 subita
841 1579 1054 1664 praecipitans
1073 1578 1167 1663 cadit,

151 1687 318 1773 'Vndique
333 1710 444 1753 omnes
457 1689 548 1752 ue'nti
558 1691 740 1772 erumpunt,
754 1687 842 1752 saeui
852 1687 995 1750 existunt
1003 1683 1157 1770 turbines,
1167 1695 1218 1744 415

152 1794 269 1860 Fe‘ruit
292 1799 382 1859 aestu
404 1794 546 1880 pe‘lagus.

231 1932 326 1987 Cicero
350 1933 385 1987 de
409 1933 464 1987 div.
484 1934 562 2003 114,
583 1940 617 1988 24
647 1933 864 2003 ‘gubernatores
892 1947 984 2000 nonne
1011 1929 1166 1985 falluntur?

153 2022 196 2060 an
213 2003 384 2058 Achiuorum
408 2004 545 2062 exercitus
569 2008 598 2058 et
620 2007 665 2059 tot
686 2003 803 2058 nauium
826 2007 946 2058 rectores
970 2019 1026 2056 non
1044 2001 1086 2056 ita
1103 2018 1167 2070 pro-

153 2074 227 2130 fecti
246 2075 365 2128 suntab
384 2075 449 2143 flio,
472 2078 509 2128 ut
527 2075 743 2145 profectione
761 2075 779 2128 l.
798 2094 825 2145 p.
845 2075 864 2130 l.
883 2073 1115 2142 intuerentur,
1135 2075 1167 2126 ut

155 2146 202 2201 ait
214 2144 363 2214 Pacuuius,
382 2163 442 2200 nec
460 2146 585 2200 tuendi
604 2147 752 2200 satietas
772 2162 893 2216 cepere
911 2147 1047 2215 posset?
1062 2145 1090 2215 [3
1101 2145 1165 2216 sq.]’

153 2217 237 2272 Idem
260 2216 294 2270 de
313 2217 563 2286 orat.11139‚157
585 2219 649 2271 ‘sed
668 2234 701 2272 ea
719 2217 865 2271 transferri
883 2219 1007 2286 oportet,
1026 2232 1099 2284 quae
1118 2217 1169 2269 aut

155 2287 308 2343 clariorem
334 2287 444 2342 faciunt
471 2304 543 2357 rem,
572 2291 604 2342 ut
631 2288 683 2342 illa
710 2289 817 2344 omnia:
845 2286 1056 2342 inhorrescit
1078 2303 1167 2345 mare
1265 2300 1267 2305 ·

169 2361 254 2431 4-8]
273 2358 452 2429 omniafere,
471 2377 526 2428 quo
546 2363 639 2413 essent
658 2359 786 2429 clariora,
805 2359 952 2414 translatis
970 2376 1021 2428 per
1037 2358 1167 2412 similitu·

182 2430 188 2441 '
211 2447 256 2485 em
283 2429 377 2484 uerbis
406 2430 484 2484 dicta
511 2432 595 2484 sunt'
638 2431 793 2498 Vtrumque
821 2430 913 2484 locum
942 2429 1168 2500 coniungendum

156 2519 221 2557 esse
247 2501 321 2556 vidit
347 2501 475 2557 Bothius.
511 2501 599 2556 Iulius
626 2501 724 2555 Victor
750 2521 776 2570 p.
798 2507 848 2554 251
876 2500 921 2554 Or.
945 2502 1007 2570 (432
1029 2499 1087 2568 Η),
1118 2501 1168 2552 ‘ea

154 2578 255 2628 tamen
277 2573 423 2627 transferri
447 2576 558 2643 oportet
581 2589 654 2641 quae
677 2572 824 2626 clariorem
846 2571 956 2624 faciunt
977 2588 1048 2639 rem,
1072 2573 1105 2624 ut
1123 2573 1167 2624 est

155 2644 373 2699 inhorrescit
394 2663 430 2700 m.
455 2648 484 2698 et
507 2644 619 2698 feruet
642 2661 667 2698 a.
685 2645 724 2712 p.’
762 2642 859 2696 Albini
878 2642 913 2695 de
932 2645 992 2696 arte
1010 2642 1080 2695 rhet.
1100 2641 1167 2694 dial.

180 2720 258 2770 ,546
277 2716 311 2770 H.
339 2715 446 2770 eisdem
472 2715 565 2769 verbis
590 2713 778 2768 ‘horrescit
800 2715 848 2767 m.’
875 2716 904 2767 et
929 2713 1057 2767 ‘feruet
1079 2730 1104 2767 a.
1128 2713 1166 2782 p.’

155 2735 269 2842 iaudat.
297 2786 406 2842 Nonius
424 2805 451 2856 p.
467 2793 532 2855 423,
547 2793 562 2840 6
584 2785 774 2840 ‘horridum
789 2830 794 2840 .
807 2829 811 2840 .
825 2829 830 2839 .
845 2785 946 2839 Accius
965 2785 1065 2840 Medea
1079 2785 1168 2910 Vm]

158 2904 164 2916 .
179 2904 185 2912 .
200 2859 238 2912 M.
258 2857 367 2911 Tullius
456 2875 519 2910 cum
542 2857 636 2910 subito
659 2874 736 2911 mare
760 2856 854 2926 coepit
873 2857 1031 2910 horrescere
1047 2901 1069 2910 ..
1106 2872 1168 2910 arro

157 2928 284 2999 epistula
303 2930 340 2982 ad
359 2929 519 2984 Caesarem:
547 2928 682 2982 interea
699 2945 805 2999 prope
823 2928 866 2982 ad
884 2928 1099 2982 occidentem
1117 2944 1169 2980 so-

157 3002 227 3055 lem
248 2999 421 3055 horrescit
442 3000 552 3054 mare!
591 3000 713 3054 Possunt
735 2999 869 3056 Varronis
892 3000 979 3054 verba
1002 3002 1031 3053 et
1053 2997 1170 3052 Pacuvii
1266 3033 1268 3039 -

156 3071 331 3140 fabulaeque
349 3087 452 3124 nomen
471 3071 615 3126 excidisse.
643 3071 832 3141 Naufragium
845 3071 875 3124 in
889 3072 995 3126 Teucro
1010 3071 1170 3125 enarratum

157 3148 216 3200 ost:
237 3143 270 3198 cf.
289 3143 354 3198 XIV
372 3144 402 3196 et
420 3142 478 3198 XV.

235 3275 248 3323 1
269 3267 310 3322 sic
328 3269 363 3323 ab
382 3268 464 3322 initio
482 3269 604 3336 suppleri
621 3267 701 3322 celim
762 3273 777 3319 2
797 3266 949 3335 intuentur,
969 3282 1018 3320 om.
1037 3265 1077 3333 ut,
1098 3264 1169 3319 Her·

158 3357 281 3397 maanus
299 3338 442 3393 intuemur
459 3339 522 3392 scite
537 3339 669 3392 Vseoeras
722 3337 839 3390 satietas
859 3337 953 3406 capier
970 3337 1065 3404 potest
1078 3352 1171 3390 censor

158 3417 192 3469 irs
220 3412 362 3467 Leatsctir'
388 3411 446 3464 tad.
470 3411 567 3478 philol.
592 3414 710 3478 18721).
726 3413 777 3461 287
806 3424 905 3476 capere
933 3405 1049 3460 satietas
1076 3409 1171 3476 potest

158 3485 342 3540 Hermarchus
361 3480 449 3535 satias
469 3495 568 3549 capere
585 3497 636 3533 nos
654 3481 750 3548 potest
768 3479 900 3534 Vseuerus
919 3493 1018 3546 capere
1036 3478 1111 3548 potis
1128 3479 1171 3532 est

159 3555 280 3611 satietas
300 3553 468 3624 Stieylc'tsios
521 3549 686 3620 tlargifluo
705 3551 818 3604 Ermaia*
