2590 3890
175 208 220 272 30
592 207 622 274 Q.
642 207 758 261 ENNIV
760 206 777 261 S

175 367 235 421 cius
251 411 256 422 .
274 409 279 421 .
297 367 314 421 .'
352 367 441 421 Varro
469 369 503 422 de
531 368 549 423 l.
573 368 591 423 l.
610 368 636 421 X
656 373 689 422 ⁷0
707 368 744 421 M.
784 367 855 422 ‘non
882 367 965 422 modo
993 371 1106 438 poetae,
1136 369 1190 422 sed

175 437 263 492 etiam
294 437 441 508 plerique.
459 439 636 495 ..dicebant
667 442 699 493 ut
731 442 908 506 quaestorem
938 442 1112 510 praetorem,
1146 439 1190 494 sic

146 553 149 561 .
174 509 324 563 Hectorem
337 509 491 564 Nestorem.
520 511 619 579 Itaque
633 509 740 566 Ennius
755 509 797 563 ait
811 511 872 591 [3].'
901 510 934 564 V.
950 518 966 564 2
981 511 1191 564 obversabatur

164 579 301 650 ⁴Vergilio
315 581 383 636 Aen.
394 582 486 635 Idea·
505 581 661 650 Vtrumque
675 581 768 636 locum
782 584 961 636 coniunctum
970 581 1189 636 Andromachae

174 651 276 705 tribuit
294 651 427 722 Scaliger.

142 813 144 818 ,
246 743 261 812 1
279 774 324 813 me
343 770 379 828 q:
399 759 433 826 cf.
454 759 543 814 coroll.
562 757 627 812 XXI
646 776 707 812 sum
731 760 810 813 Viad.
831 777 849 812 a
867 757 975 827 Daisb„
995 759 1130 814 Davisius

174 835 190 882 3
214 830 249 884 de
276 829 398 884 Troiano
426 845 505 883 muro
528 851 562 885 a:
590 832 720 901 ploasemc
747 831 824 885 eiecit
847 829 968 901 Scaliper
1052 829 1189 884 iactarier

174 901 297 972 Scaltqer
315 899 416 954 iactari
434 922 456 954 ω

642 1015 716 1072 ΧΠΙ

261 1125 376 1191 Festus
400 1149 430 1210 p.
455 1125 519 1190 298
539 1123 581 1189 Μ.
615 1124 832 1210 ‘[summ]ussi
865 1124 1052 1190 dicebantur
1084 1124 1185 1208 [mur-

305 1231 499 1316 muratores]
523 1229 723 1296 ..Naeuius
746 1265 789 1278 -
812 1229 937 1295 Ennius
963 1232 997 1294 in
1025 1235 1116 1296 sexto
1139 1267 1185 1278 —

306 1337 460 1424 [Enniu]s
492 1338 531 1402 in
562 1335 842 1402 Andromacha:
878 1337 914 1400 di
1057 1361 1079 1400 n
1112 1342 1184 1402 est:

304 1468 388 1509 nam
411 1466 580 1518 mussare
603 1443 636 1507 si
656 1494 769 1508 .....
772 1444 782 1472 ’

241 1565 283 1619 Ex
301 1567 355 1620 hac
373 1563 471 1620 fabula
488 1563 584 1618 nescio
603 1581 640 1619 aa
660 1563 697 1619 sit
715 1564 768 1618 inc.
788 1581 861 1618 nom.
881 1563 952 1618 XIII.

545 1801 801 1862 ANDROMXDA

666 1926 682 1984 I

117 2027 150 2075 95
215 2063 287 2078 ....
307 2032 388 2096 quae
412 2012 491 2076 caua
514 2010 594 2074 caeli

215 2116 492 2203 Signitenentibus
515 2114 648 2180 conficis
671 2114 756 2201 bigis

239 2235 327 2290 Varro
351 2237 426 2291 del.
451 2237 468 2291 l.
489 2235 562 2290 V19
577 2236 613 2290 M.
653 2236 686 2288 ‘a
705 2235 781 2290 Chao
806 2253 906 2290 cauum
929 2240 958 2291 et
982 2237 1048 2290 hinc
1070 2238 1181 2293 caelum
1284 2281 1285 2291 .

170 2306 337 2374 ...itaque
352 2305 716 2361 dicitAndromedanocti:
736 2309 819 2374 quae’
836 2324 858 2363 e.
874 2325 900 2376 q.
916 2327 937 2362 s.
1017 2309 1179 2364 ‘etEnnius

168 2377 237 2432 item
256 2378 293 2431 ad
312 2377 489 2432 cauationem
504 2422 509 2432 .
522 2423 527 2432 .
540 2379 557 2432 .’
583 2377 807 2446 (Andromeda
826 2377 951 2449 Scaliger
969 2379 1180 2435 andromeda

167 2449 229 2504 Par.
256 2449 283 2504 b.
303 2449 465 2503 androma
487 2448 559 2502 Flor.
583 2447 625 2500 Ex
647 2447 789 2517 Euripidis
812 2449 992 2503 Andromeda
1014 2450 1046 2505 ir.
1072 2458 1124 2506 114
1143 2452 1178 2507 N.
1283 2457 1284 2460 ’

168 2515 259 2587 abab&
278 2518 353 2590 ἱερά,
374 2523 383 2592 Η
406 2522 443 2584 ὡς
465 2519 574 2590 μακρὸν
597 2517 722 2589 ἵππευμα
741 2519 851 2582 διώκεις
873 2522 876 2588 Ι
904 2519 1084 2589 ἀστεροειδέα
1102 2531 1180 2577 νῶτα

167 2590 332 2662 διφρεύουσ’
349 2595 358 2662 ΙΙ
372 2590 489 2661 αἰθέρος
503 2591 565 2659 leda
578 2593 587 2661 ll
600 2597 650 2644 τοῦ
664 2588 834 2660 σεμνοτάτου
848 2591 877 2644 δι
900 2589 1044 2660 Ὀλύμπου.
1065 2592 1179 2648 Caelius
1282 2625 1283 2659 ι

166 2662 335 2718 Aurelianus
357 2663 406 2716 14
436 2661 575 2732 ‘tragicus
602 2664 688 2729 poeta
716 2677 846 2714 sacram
873 2664 1020 2730 noctem,
1051 2663 1106 2716 hoc
1134 2667 1180 2718 est

166 2751 300 2804 magnam
324 2734 494 2803 appellauit'
519 2748 591 2802 quae
615 2731 652 2784 ad
670 2730 792 2783 Ennium
814 2730 908 2799 potius
931 2748 1017 2798 quam
1041 2733 1078 2786 ad
1095 2733 1179 2788 Euri-

166 2803 261 2874 pidem
274 2805 421 2858 referenda
434 2805 565 2858 videntur
579 2801 749 2855 Buechelero
764 2800 821 2854 ind.
836 2799 913 2855 lectt.
928 2801 1017 2857 Bonn.
1034 2809 1177 2874 1877114.
1281 2807 1282 2841 l

238 2915 252 2962 1
277 2926 350 2978 quae
377 2911 498 2980 Scaliper
525 2923 579 2976 que
604 2928 625 2961 ω
708 2913 724 2960 2
754 2905 989 2975 signitenentibus
1017 2913 1180 2980 explanavit

167 2981 312 3050 Hauptr'us
331 2981 424 3036 Herm.
445 2987 469 3050 1,
485 2985 518 3034 25

652 3091 683 3149 11

95 3221 127 3258 N
165 3204 320 3270 Liberum
344 3201 562 3287 quaesendum
586 3221 680 3263 causa
702 3199 843 3263 familiae
865 3203 1002 3266 matrem
1025 3207 1100 3269 tuae

236 3325 334 3379 Festus
361 3341 387 3392 p.
408 3328 460 3377 258
478 3321 515 3375 M.
557 3321 736 3389 ‘quaesere
763 3319 877 3390 ponitur
905 3320 940 3373 ab
970 3323 1095 3392 antiquis
1123 3345 1176 3396 pro

165 3412 310 3464 quaerere,
337 3398 369 3448 ut
387 3397 430 3448 est
453 3392 529 3462 apud
543 3391 668 3453 ,Ennium
686 3423 722 3432 —-
740 3423 772 3432 -
793 3394 822 3445 ct
844 3389 874 3444 in
892 3391 1090 3451 Andromedae
1110 3441 1116 3451 .
1133 3442 1138 3453 .
1157 3401 1175 3455 .'

165 3467 199 3521 cf.
218 3465 312 3534 Eurip.
331 3465 463 3519 Androm.
483 3462 515 3518 ir.
537 3468 587 3516 132
602 3462 649 3516 N'.

236 3571 427 3639 quaesendum
444 3571 523 3641 culpo
542 3567 697 3637 quaerdum
716 3569 772 3623 cod.
