2630 3886
128 155 132 165 ,
245 91 248 94 ·
319 101 368 152 ux
386 99 552 154 nisaeus
571 99 811 164 nssnasoavu
829 100 981 155 essars
1025 84 1027 87 ’
1091 100 1156 166 309

145 261 187 313 sb
209 277 261 384 Ero
285 260 326 314 ad
349 259 464 314 solitam
485 259 553 329 poni
576 259 657 314 testis
676 259 722 313 hic
740 276 850 313 uersus:
877 261 1025 314 tantum'
1046 277 1068 316 e.
1089 279 1114 329 q.
1135 278 1156 315 s.

146 333 191 385 ‘et
233 330 330 386 nnius:
350 332 386 385 ob
404 331 539 385 Romam’
561 347 583 387 e.
604 349 630 398 q.
651 349 672 386 s.

614 497 692 558 cxv

146 601 212 666 scr
234 577 320 687 aga
342 601 498 664 fatrem?
520 600 582 664 sss
604 601 673 684 ipse
726 601 729 610 ’

217 721 322 776 Seneca
336 723 460 774 controv.
475 721 488 773 I
503 727 526 790 1,
542 727 574 773 21
591 723 626 790 (p.
645 726 678 774 78
692 720 725 776 Κ.
746 727 778 774 27
794 721 843 790 M.)
862 721 999 775 ‘colorem
1018 722 1155 777 exaltare

143 796 226 863 parte
249 809 321 861 quae
345 791 440 862 durior
461 793 504 845 est
522 791 608 846 Latro
626 791 724 856 aiebat
740 791 815 846 huno
834 793 1019 862 sequendum,
1043 796 1076 846 ut
1093 811 1157 863 gra-

144 864 324 918 uissimarum
351 863 517 916 iniuriarum
543 861 731 920 inexorabilia
758 867 787 918 et
809 863 940 918 ardentia
962 863 1157 918 induceremus

146 935 213 990 odia
231 935 403 1004 Thyesteo
422 950 523 997 more;
549 933 646 988 aiebat
668 937 778 1004 patrem
800 952 857 989 non
876 934 960 989 irasci
979 938 1091 990 tantum
1110 936 1158 990 de-

144 1007 224 1074 bere,
249 1005 298 1060 sed
321 1005 420 1060 furere.
458 1004 519 1074 ipse
540 1005 572 1058 in
595 1004 800 1059 declamatione
818 1023 886 1060 usus
905 1008 949 1060 est
967 1006 1082 1060 summis
1100 1006 1158 1061 cla-

131 1076 356 1200 ‚moribusBillo
375 1093 475 1132 uersu
494 1075 641 1145 tragico:
670 1077 742 1130 cur'
764 1093 786 1130 e.
806 1095 832 1146 q.
852 1076 873 1132 's.
911 1077 997 1133 Vario
1016 1077 1158 1148 Thyestae

145 1147 249 1204 tribuit
290 1165 334 1202 uc.
586 1169 587 1172 ¹

216 1254 292 1324 fugit
306 1255 397 1310 Brea.
416 1272 451 1336 m.
468 1259 491 1322 2,
511 1254 572 1309 Bae
590 1253 665 1324 fugis
684 1275 706 1324 φ
761 1254 815 1308 scis
834 1258 903 1310 coni.
923 1255 1043 1310 Mueller

607 1402 701 1462 CXVI

504 1501 570 1568 uas'
594 1505 755 1590 argenteis

642 1610 661 1651 s

517 1699 626 1784 palmi’
649 1699 794 1764 crinibus

641 1806 660 1846 s

144 1895 243 1960 'lecti’
267 1895 379 1960 fractis
452 1877 456 1884 ¹

217 2017 469 2085 Oic.or.45,153
497 2017 559 2071 ‘sed
586 2016 655 2086 quid
683 2033 735 2086 ego
763 2017 895 2072 uocales?
922 2016 983 2071 sine
1010 2017 1158 2072 uocalibus

146 2105 230 2157 saepe
252 2087 403 2142 breuitatis
427 2105 512 2142 causa
534 2088 752 2157 contrahebant,
775 2090 809 2142 ut
829 2087 872 2144 ita
891 2087 1029 2146 dicerent:
1056 2089 1175 2144 multi.

145 2158 270 2214 modis’
292 2159 336 2228 (cf.
351 2159 416 2212 Pac.
432 2161 502 2228 307),
524 2160 598 2213 ‘uas
617 2158 807 2228 argenteis,
825 2159 917 2229 palm
936 2163 970 2214 et
988 2160 1157 2229 crinibus,

145 2230 241 2284 tecti'
265 2229 410 2284 fractis!
449 2231 493 2300 (et
514 2230 582 2283 uas’
607 2247 632 2286 a.
656 2233 689 2284 et
710 2229 824 2298 palmi'
849 2247 872 2286 c.
892 2234 926 2284 et
948 2231 1043 2285 tecti'
1062 2231 1081 2287 f.
1101 2231 1157 2286 Leo

144 2301 185 2356 Pl.
201 2301 230 2356 F.
246 2307 298 2356 298
317 2303 351 2355 et
369 2319 429 2355 uas
443 2299 555 2355 Abrinc.
576 2299 675 2354 uiuus
693 2300 766 2354 olor.
786 2300 846 2354 Pal.
867 2300 962 2355 Ottob.
982 2320 1037 2372 mg.
1057 2301 1157 2356 iuuas

147 2372 242 2428 Ottob.
261 2390 297 2426 m.
319 2379 333 2426 1
357 2371 392 2425 in
414 2372 483 2425 uas'
507 2371 671 2440 Heerdegen
706 2370 836 2440 palmet
853 2371 967 2426 Abrinc.
990 2372 1104 2440 palma
1124 2377 1158 2426 et

145 2443 217 2498 Flor.
237 2443 297 2498 Pal.
318 2443 413 2497 Ottob.
447 2445 480 2496 et
497 2441 613 2496 tertium
632 2459 685 2516 orn.
705 2441 782 2511 libri)
800 2441 886 2494 Ennii
903 2441 950 2495 vel
966 2441 1068 2496 Naevii
1086 2443 1157 2498 haec

145 2531 206 2569 esse
230 2514 389 2584 suspicatur
406 2514 465 2567 Bue
488 2513 523 2594 de
545 2513 596 2568 lat.
616 2513 685 2567 decl.
706 2518 752 2567 66:
777 2511 938 2566 cotidianae
961 2511 1038 2594 uitae
1056 2513 1159 2594 tribuit

143 2585 201 2639 Leo
219 2585 261 2641 Pl.
280 2585 310 2640 F.
330 2591 390 2640 299.
428 2584 513 2638 Ennir
530 2584 662 2638 Hecubae
680 2603 706 2638 v.
722 2583 788 2637 213¹
806 2599 869 2637 curn
887 2582 990 2638 Jabmo
1008 2599 1122 2640 1nseru1.

217 2699 230 2744 1
253 2691 363 2762 argenti
382 2693 495 2746 Abrirw.
552 2689 672 2759 apassi'
692 2689 817 2744 crinibus
836 2691 991 2746 Lambinus

600 2857 709 2917 oxvn

143 2961 241 3025 Pater
268 2961 414 3046 inquam,
441 2959 598 3044 hospites,
626 2960 759 3044 (pater)
787 2983 839 3024 me
866 2961 987 3025 himine
1011 2961 1149 3047 orbensi,
1159 2978 1212 3027 214

782 3071 884 3151 pater.

217 3188 360 3244 Charisius
376 3206 403 3258 p.
420 3194 471 3244 250
485 3188 515 3242 P.
546 3188 785 3258 ‘epanalepsis
804 3191 860 3256 est,
879 3205 942 3242 cum
957 3189 1056 3242 eadem
1071 3188 1157 3244 dictio

144 3261 174 3314 in
202 3259 340 3330 principio
368 3275 466 3313 uersus
495 3262 524 3313 et
550 3259 581 3312 in
604 3259 731 3314 clausula
753 3259 880 3329 ponitur,
908 3262 952 3314 ut:
980 3263 1080 3328 pater
1106 3259 1158 3314 in-

144 3333 258 3400 quam’
285 3347 308 3386 e.
328 3349 354 3399 q.
375 3349 395 3384 s.
432 3329 583 3384 Diomedes
600 3337 627 3400 p.
647 3337 699 3385 440
713 3331 744 3385 P.
775 3329 968 3400 ‘epanalepsis
989 3335 1158 3400 ...pater

143 3403 260 3472 inquam
274 3403 330 3456 me’
347 3418 370 3455 e.
386 3419 412 3470 q.
428 3419 449 3456 s.
478 3401 613 3455 Sacerdos
628 3400 814 3456 OGL.V1458
829 3401 862 3456 Κ.
890 3401 1107 3472 ‘epanalempsis
1126 3404 1158 3456 fit

143 3475 197 3529 hoo
215 3475 311 3530 modo:
332 3473 408 3528 idern
425 3471 543 3526 uerbum
556 3472 671 3542 ponitur
684 3473 714 3526 in
729 3471 866 3542 clausula,
877 3473 961 3541 ,quod
974 3473 1005 3526 in
1018 3473 1157 3545 principio
1254 3489 1256 3494 ·
