2630 3886
205 171 270 233 304
377 172 426 224 EX
444 171 610 225 INCERTIS
628 171 667 223 IN
670 170 868 224 CERTORVM
886 169 1040 222 FABVLIS

195 347 290 400 saepe
310 331 422 386 domino
442 331 482 398 fit,
502 330 526 384 si
545 330 631 384 estin
646 347 679 383 ea
694 330 825 398 solitudo,
845 333 873 383 et
886 329 1008 384 maxime
1024 329 1047 382 si
1063 327 1225 396 aliquando

197 402 263 455 'alic
287 403 399 456 domino
419 402 503 456 solita
522 405 565 455 est
584 401 763 469 frequentari.
802 401 930 455 odiosum
949 405 992 454 est
1011 400 1098 468 enim,
1118 417 1184 452 cum
1204 417 1228 454 a

194 473 449 542 'praetereuntibus
470 473 584 528 dicitur:
605 491 620 526 ο
641 473 772 526 domus'
793 490 816 526 e.
832 491 857 540 q.
875 491 895 527 s.
935 473 1021 540 ‘qued
1040 471 1155 540 quidem
1174 471 1227 524 his
1298 505 1299 512 .

206 545 378 613 temporibus
407 544 437 597 in
464 544 560 597 multis
586 543 654 597 licet
677 544 789 599 dicere.’
828 543 906 597 Idem
923 543 995 597 Phil.
1010 543 1096 611 1141,
1114 547 1167 595 104
1193 543 1228 596 ‘0
1298 575 1299 578 =

196 618 283 668 tecta
302 616 368 684 ipsa
391 615 493 669 misera
518 633 615 682 quam
634 614 767 683 dispari
785 615 931 669 domino!
961 631 1131 682 quamquam
1150 631 1230 681 quo·
1298 633 1299 676 3

207 687 290 740 modo
302 687 364 750 iste
384 687 531 740 dominus?
550 687 599 739 sed
617 689 713 739 tamen
732 703 817 754 quam
836 687 872 739 ab
892 685 998 754 dispari
1017 685 1227 739 tenebanturt'
1298 685 1299 688 ’

280 809 294 855 1
314 803 369 856 heu
387 819 437 856 cac.
456 803 527 856 Oehl.
543 803 657 856 Bambb.
668 805 709 856 ab
726 803 804 856 Goth.
821 803 912 856 Gaea.
924 803 961 856 cd
980 803 1008 854 et
1022 803 1126 855 Beraq.
1138 803 1231 856 abed

210 873 311 928 Gada
329 875 427 928 Bamb.
445 875 566 928 Waereb.
587 876 616 926 et
634 873 688 926 heu
707 876 759 927 alii
812 873 923 941 dispare
940 873 1037 926 (iude
1092 871 1227 926 adomi-
1298 929 1299 932 ,

207 944 283 996 naris
309 945 421 998 dominc
447 945 589 998 Gaddbd
612 944 725 998 dominc
750 945 892 998 dominare
914 943 1011 998 Gudc
1034 943 1148 996 domino
1174 944 1230 997 do-

209 1014 324 1068 minaris
347 1016 442 1069 Gade
461 1016 565 1068 donare
585 1015 697 1069 dominc
717 1017 838 1070 Waerab.
894 1081 896 1085 Ι

697 1183 735 1241 ΟΙ

212 1293 292 1358 Cum
315 1297 347 1358 te
371 1294 562 1377 expetebant
586 1295 695 1356 dmues
717 1293 944 1356 florentissimo
1046 1312 1048 1318 ’

210 1399 336 1485 Regini,
359 1401 488 1484 reliqui:
511 1405 596 1463 nunc
620 1400 779 1480 desertum
803 1399 843 1462 ab
868 1399 1015 1462 dmnibus

213 1506 345 1571 Summd
369 1507 490 1590 periclo
514 1507 581 1569 stila
603 1510 641 1569 ut
663 1507 830 1586 restituam
853 1528 939 1590 parc.
1025 1569 1027 1574 ,
1078 1569 1081 1574 .

282 1636 363 1691 Rhet.
389 1637 425 1689 ad
448 1637 722 1706 He1·enn.1125‚40
752 1636 836 1702 ‘item
855 1635 997 1699 ‚uitiosum
1020 1639 1074 1702 est,
1104 1653 1171 1689 cum
1196 1637 1229 1689 id
1298 1629 1299 1672 ἲ

212 1708 288 1775 quod
310 1707 340 1759 in
364 1711 460 1776 aperto
486 1707 588 1760 delicto
611 1707 736 1776 positum
760 1711 802 1761 est
820 1711 915 1760 tamen
935 1707 1030 1774 aliqua
1048 1706 1156 1776 tegitur
1177 1709 1228 1761 de-

212 1778 346 1846 fensione,
365 1779 418 1832 hoc
436 1779 533 1832 modos
553 1781 690 1832 cumte’
712 1796 735 1832 e.
755 1797 781 1847 q.
802 1789 829 1832 ss
845 1778 954 1846 ¹Cicero
974 1779 1008 1832 de
1027 1778 1082 1832 inv.
1103 1778 1174 1848 148,
1193 1785 1228 1832 90
1298 1775 1299 1780 ’

215 1849 292 1902 ‘leue
316 1853 358 1902 est
381 1850 457 1917 quod
472 1893 477 1904 .
490 1893 494 1902 .
508 1894 512 1903 .
527 1849 673 1918 perspicue
696 1852 806 1919 turpem
827 1867 885 1903 rem
903 1849 960 1902 leui
979 1852 1073 1918 tegere
1093 1849 1156 1902 uult
1177 1851 1228 1903 de·
1298 1871 1299 1914 f

212 1920 351 1987 sensione,
378 1921 431 1973 hoe
459 1921 554 1974 modo:
583 1938 655 1974 cum
682 1922 730 1974 te'
756 1938 778 1975 e.
798 1940 823 1989 q.
845 1940 865 1976 s.
903 1921 1019 1974 Medeae
1046 1920 1076 1972 in
1104 1921 1228 1974 Pacuvii
1298 1981 1299 1986 η

111 2033 114 2037 .
214 1991 296 2044 Medo
315 1991 402 2044 verba
421 1991 537 2060 agnovit
555 1991 730 2046 Ladevicus.'
834 1995 836 2000 “

286 2111 299 2157 1
321 2106 503 2174 expectabam
532 2108 614 2161 Hert.
643 2109 727 2160 Bere.
757 2108 837 2162 Parr.
862 2109 899 2161 ad
924 2108 990 2161 Her.
1020 2108 1228 2176 exspectabant
1298 2149 1299 2152 ,

217 2178 280 2231 Tur.
306 2178 337 2230 de
361 2179 415 2230 tac.
440 2180 619 2246 expectarent
642 2179 721 2232 Laid.
745 2181 782 2232 ad
805 2179 871 2232 Her.
952 2179 1113 2232 2desertus
1137 2180 1227 2234 Hert.
1298 2171 1299 2184 ¹

214 2250 279 2302 Par.
304 2265 367 2300 cum
390 2247 515 2301 desertus
540 2264 568 2302 es
592 2251 658 2302 Par.
683 2267 750 2303 cerr.
777 2249 851 2303 Ocrb.
876 2256 941 2303 Μ
965 2251 1062 2304 Bumb.
1087 2251 1166 2304 Leid.
1189 2254 1229 2305 ad
1298 2253 1299 2256 ’

214 2320 280 2374 Her.
336 2325 351 2371 3
369 2319 474 2387 periclo
489 2321 579 2374 Aldus
597 2319 721 2388 periculo
741 2341 762 2372 ω
813 2320 886 2373 solat
900 2322 983 2374 Bere.
999 2323 1036 2374 ad
1050 2322 1118 2376 Her.
1134 2321 1228 2375 solaffi

213 2392 338 2446 Bamub
357 2393 394 2444 ad
413 2391 478 2444 Her.
495 2390 579 2444 solus
599 2393 630 2444 de
649 2395 703 2444 iau
777 2393 810 2443 ut
828 2409 877 2445 om.
898 2393 964 2446 Par.
985 2393 1067 2446 Hert.
1090 2393 1166 2447 Gorb.
1189 2397 1229 2448 ad

215 2463 281 2517 Her.
342 2461 484 2515 restitutio
504 2463 569 2516 Par.
590 2463 673 2516 Hert.
694 2464 730 2516 ad
749 2463 815 2516 Her.
835 2462 982 2516 restituere
1003 2463 1079 2516 Ocrb.
1099 2465 1137 2517 ad
1156 2465 1227 2519 Her.

693 2629 746 2688 ΟΠ

223 2739 381 2825 Refugere
405 2741 503 2824 ceuli3
527 2742 642 2823 cdrpus
665 2741 765 2802 macie
789 2740 946 2826 extabuit3

164 2865 214 2912 190
224 2847 389 2910 Lacrimae
412 2846 561 2930 peredere
585 2851 695 2910 umore
719 2847 874 2932 exanguis
896 2869 1006 2933 genas3

226 2952 330 3017 Situm
354 2952 438 3016 inter
462 2953 526 3017 cris
549 2953 649 3016 barba
671 2951 787 3037 pedore
810 2953 940 3016 h6rrida
964 2958 1058 3038 atque

225 3058 357 3123 Intdnsa
380 3049 518 3122 infuscat
541 3061 652 3142 pectus
675 3059 797 3122 inluuie‘
820 3059 975 3123 scabrum.

288 3188 382 3243 Cicero
401 3189 481 3244 Tuse.
502 3188 572 3257 disp.
592 3189 631 3242 111
646 3196 691 3256 12,
707 3195 740 3242 26
769 3189 870 3257 ‘quid?
893 3189 974 3242 illum
997 3189 1112 3242 filium
1131 3190 1226 3244 Solis

216 3277 308 3314 nonne
331 3260 419 3329 patris
443 3259 530 3329 ipsius
551 3260 613 3313 luce
632 3259 779 3329 indignum
797 3263 899 3328 putas?
917 3260 1091 3330 refugere’
1113 3277 1135 3315 e.
1156 3278 1182 3328 q.
1205 3280 1225 3316 s.

219 3331 303 3384 ‘haee
331 3331 418 3400 mala,
448 3348 464 3385 0
493 3330 658 3384 stultissime
681 3332 800 3400 Aeeta,
829 3331 889 3400 ipse
912 3331 966 3385 tibi
990 3331 1140 3386 addidisti:
1168 3349 1226 3386 non

217 3401 329 3455 inerant
346 3403 375 3454 in
394 3401 443 3470 eis,
462 3419 535 3470 quee
553 3401 607 3454 tibi
622 3419 702 3455 casus
717 3401 875 3458 inuexerat:
895 3407 924 3457 et
938 3403 1052 3471 quidem
1065 3403 1225 3456 inueteratc

143 3537 146 3544 Ι
217 3471 304 3538 malo,
334 3490 395 3524 curn
423 3477 516 3526 tumor
543 3471 630 3524 animi
657 3472 863 3530 resedisset...
879 3475 929 3528 sed
955 3491 1061 3528 maeres
1089 3473 1226 3528 uidelicet

219 3542 315 3609 regni
341 3543 526 3612 desiderio,
554 3559 619 3596 non
642 3543 753 3598 filiae.
791 3543 871 3598 illam
894 3545 968 3599 enim
991 3546 1089 3600 oderas
1114 3549 1143 3599 et
1165 3546 1225 3598 iure
