2624 3888
570 174 599 228 L.
620 172 745 228 ACCIVS
1097 171 1161 235 231

203 351 300 405 parem
318 336 366 389 Ba
383 351 483 404 perum
501 355 522 402 φ
577 333 701 387 animum
714 333 772 387 Ber
789 334 858 400 kiwe,
877 348 927 386 om.
943 353 964 385 ω
1019 330 1163 385 aduertite

131 407 199 470 ,Ba
217 405 329 460 aduorti
348 406 410 460 HL
429 404 534 460 diuorti
553 426 574 474 φ
594 403 736 458 aduertite
787 405 908 472 ephanue

635 582 679 640 IV

144 683 219 748 Aut
242 687 300 772 ego
324 685 407 750 illim
430 685 564 769 eripiam
588 687 643 748 aut
666 683 716 748 ssli
739 705 858 768 poenas
881 683 1039 747 sefferam.

221 815 292 870 Non.
312 822 408 885 aem
434 815 597 869 ‘sufferre
621 817 664 868 est
687 813 825 868 sustinere
841 812 1039 882 ....eignifieet
1060 811 1162 866 dedere

143 886 196 939 uel
216 903 370 956 supponere
387 931 426 942 ...
442 886 543 941 Accius
561 884 812 955 Nyptegreesia
827 885 879 939 ...’

222 1004 282 1074 aut]
309 1006 341 1056 ut
366 1003 459 1057 GHL
531 1017 597 1071 ergo
616 1001 731 1054 ΒΘΗι
802 999 876 1052 illim
902 1001 1001 1069 scripsi
1027 1001 1071 1070 (ef.
1099 1001 1161 1055 bret.

143 1081 219 1144 my.
238 1077 301 1144 366)
319 1073 401 1127 illum
417 1095 438 1128 ω
492 1072 536 1126 illi
554 1073 713 1129 adverbium
723 1079 792 1141 pute
844 1086 951 1140 poenes
966 1072 1017 1139 (vel
1030 1074 1161 1141 poenam)

134 1144 291 1206 ,Mercmre
307 1161 399 1214 poene
417 1167 438 1200 ω

641 1241 670 1297 v
1107 1277 1110 1282 .
1125 1275 1129 1282 .

468 1342 502 1406 id
524 1343 611 1426 qu6d
633 1342 712 1406 fecis
735 1345 863 1428 gratum
888 1342 920 1404 et
943 1361 1041 1424 graue
1065 1345 1121 1406 est.

219 1473 291 1527 Non.
311 1479 376 1542 316,
391 1479 425 1527 20
450 1474 581 1542 ‘greue‚
606 1473 727 1527 solidum
750 1475 779 1526 et
796 1472 913 1526 firmum.
951 1472 1052 1526 Accius
1072 1473 1162 1526 Aina·

143 1547 243 1598 mente
259 1589 264 1599 .
281 1588 287 1599 .
304 1589 309 1598 .
324 1543 400 1598 idem
418 1544 603 1614 Nyctegresia
618 1589 623 1598 .
641 1589 645 1598 .
662 1545 679 1598 .’
719 1543 752 1598 cf.
772 1542 961 1598 PleutiPere.
976 1549 1027 1598 675

634 1713 677 1772 VI

141 1811 209 1880 'An
227 1837 287 1900 ego
307 1809 436 1878 Vlixem
456 1812 594 1879 obliseer
611 1837 765 1898 umquem
784 1817 840 1878 aui
859 1815 1053 1898 quemquam
1070 1835 1161 1898 pree-

786 1919 867 2006 pom‘
887 1920 1009 1985 uelim?

217 2052 290 2106 Non.
310 2058 373 2120 500,
388 2058 406 2106 4
431 2043 668 2106 ‘eecueatiuus
690 2067 740 2120 pro
759 2049 892 2120 genetiuo
909 2050 1066 2106 ...Accius
1082 2095 1160 2106 .....

142 2125 176 2177 et
200 2121 495 2192 Neciegreeie..)
534 2121 660 2188 Quedmt
683 2139 717 2176 ex
739 2119 837 2176 Iliadis
856 2123 882 2176 X
904 2141 929 2177 v.
947 2129 1012 2180 243:
1040 2133 1099 2188 πῶς
1123 2121 1160 2177 ἂν

142 2193 234 2250 ἔπειτ’
252 2193 385 2264 Ὀδυσῆος
404 2189 457 2264 ἐγὼ
475 2191 568 2248 θείοιο
587 2191 742 2263 λαθοίμηνς

216 2308 329 2364 Vlixem
347 2311 394 2365 Ba
412 2309 514 2364 Vlixen
534 2331 555 2379 φ
611 2309 764 2363 obliuisear
782 2329 803 2362 ω
822 2311 857 2376 ef.
877 2315 968 2362 v.190

622 2477 681 2536 VH

142 2578 224 2644 Iiiue
238 2601 323 2643 nunc
337 2579 543 2664 adtemptire,
553 2580 628 2643 iuue
637 2600 731 2664 nunc,
741 2579 855 2662 imme,
865 2578 995 2662 ruspari
1001 2578 1160 2666 Phryges!

216 2709 289 2764 Non.
309 2715 369 2778 166,
385 2716 417 2765 18
439 2709 589 2784 Ἧιεῗμτί
608 2713 652 2763 est
670 2708 809 2763 scrutari)

215 2825 282 2879 iuue
300 2825 393 2895 (iuuae
412 2826 447 2880 Η
452 2826 461 2858 ¹
484 2825 552 2879 iuue
571 2825 602 2879 F
607 2825 625 2894 ²)
642 2870 647 2880 .
665 2871 669 2880 .
686 2867 691 2879 .
707 2824 773 2878 iuue
791 2827 826 2896 (h.
846 2843 867 2880 e.
886 2825 964 2898 iuua)
983 2847 1004 2880 ω
1024 2825 1093 2880 iuua
1108 2869 1114 2880 .
1130 2869 1159 2883 ..

141 2897 213 2950 iuue
229 2896 389 2952 Gebhardue
406 2897 472 2950 iube
488 2941 528 2952 ...
543 2896 609 2950 iube
623 2898 664 2952 ed.
680 2901 748 2950 1526
763 2895 843 2950 lubet
858 2939 863 2949 .
877 2940 899 2951 ..
914 2895 995 2952 lubet
1008 2898 1159 2968 Merme,

140 2986 201 3024 nore
219 2969 289 3023 male
307 2970 341 3039 (ei
359 2967 424 3022 lube
443 2971 574 3038 scriptum
590 2970 665 3038 fuit).
685 2967 791 3022 iuben.
809 3013 813 3022 .
831 3012 836 3022 .
851 2966 937 3022 iuben
954 2987 975 3024 ω
1029 2967 1122 3024 animo
1137 2989 1159 3024 ω

613 3136 688 3194 VIII

143 3239 269 3304 Cuncta
292 3237 462 3322 expedibot
485 3238 518 3301 id
541 3238 636 3302 medo
660 3237 710 3301 ius
734 3238 904 3302 iurandm
928 3239 1010 3305 daie.
1158 3249 1214 3297 490

215 3369 287 3424 Non.
307 3374 403 3436 ⁶05‚3
433 3367 617 3438 ‘expedibo
645 3384 695 3436 pro
724 3367 948 3437 expediam..)
987 3369 1083 3439 (Deest
1112 3370 1158 3424 hie

141 3441 223 3496 loeus
242 3440 272 3494 in
290 3440 388 3494 Bamb.
408 3439 532 3508 exceptis
551 3439 682 3492 extremis
703 3438 958 3493 ‘iusiurandum
976 3440 1084 3512 date')

217 3559 319 3611 cuncta
338 3557 378 3610 ed.
398 3574 424 3610 α.
441 3561 508 3608 1471
529 3557 630 3608 cuncto
649 3576 670 3608 ω
