2630 3886
163 150 230 215 324
602 149 738 205 ENNIVS

231 312 346 366 cunctas
360 313 455 366 caute:
469 312 594 380 escripci
607 313 708 365 cuncto
718 310 865 365 BcH'W
874 312 1039 380 cunctatam
1054 313 1171 364 cunctas

160 383 279 438 Botbiuc
305 382 397 437 Antea
414 385 485 438 vices
499 397 680 451 perrenorum
697 384 737 437 oie
755 383 964 437 distrabaebcm:
985 425 1007 436 ..
1023 381 1096 435 bene
1114 397 1174 435 mo-

154 455 224 508 nes:
243 455 305 508 tute
323 452 401 524 ipse?
416 485 450 494 —
465 452 578 508 Gdncto.
594 453 711 507 —Vide
729 452 748 507 f.
768 470 795 506 u.
814 453 957 524 Iatcprom
974 469 1081 508 casum
1094 454 1176 507 talem

160 525 233 580 bene
255 540 371 580 monens
394 526 455 578 tute
474 527 509 595 (t.
528 541 550 580 e.
568 526 643 594 tuto)
661 524 722 594 ipse
741 525 869 579 cunctat:
893 523 994 578 ouide
1013 523 1032 577 f.
1052 530 1092 578 u.!
1112 524 1175 577 Bae
1291 559 1292 578 2

160 598 357 652 conmendavit
374 598 530 665 (cunctato:
549 611 566 650 o
586 597 724 652 Varueme
741 597 800 650 ted.
817 595 903 668 1888]
923 598 941 665 ).

644 763 691 822 III

162 865 273 950 (Irim)
291 887 386 952 agros
400 864 534 929 audaces
549 865 745 948 depopulant
758 865 844 929 serui
859 865 1064 930 dominordm
1080 865 1176 930 domi.
1292 843 1293 870 l

233 995 342 1050 Nonius
359 1013 386 1065 p.
402 1000 467 1064 471,
483 1001 516 1049 18
546 993 706 1064 ‘populat
734 997 777 1050 est
801 997 832 1048 et
854 993 1001 1064 passiuum
1022 991 1177 1064 populatur
1293 1054 1294 1076 χ

220 1066 327 1120 Ennius
346 1065 509 1122 Ambracia:
529 1067 622 1136 agros’
643 1082 665 1119 e.
685 1083 712 1134 q.
732 1084 753 1120 s.
791 1066 831 1121 ef.
851 1065 917 1120 hist.
937 1069 1009 1135 trag.
1025 1072 1085 1120 211.
1293 1077 1294 1084 ’

234 1179 293 1236 iam
310 1183 353 1236 cel
369 1197 436 1234 nam
450 1183 683 1251 praemittendum
696 1189 767 1252 puto
839 1181 915 1236 domi
932 1181 996 1236 Boc
1014 1181 1135 1236 dominia
1154 1203 1175 1235 ω

217 1253 338 1306 audaces
358 1251 432 1344 serui
450 1251 624 1322 depopulant
640 1270 723 1320 agros
737 1252 921 1307 Dominorum
935 1251 1043 1306 domini
1057 1255 1177 1309 Bottias

649 1420 693 1479 [V

166 1575 173 1588 .
220 1574 226 1586 .
272 1525 305 1587 et
327 1544 466 1607 aequora
488 1521 573 1586 salsa
593 1543 691 1608 ueges
713 1521 902 1608 ingentibus
925 1523 1039 1588 uentis.

235 1651 343 1706 Nonius
361 1671 388 1722 p.
405 1657 469 1722 183,
484 1657 500 1705 3
520 1653 638 1721 ‘ueget
656 1668 706 1720 pro
725 1654 842 1721 uegetat
860 1651 907 1706 uel
925 1653 1010 1723 erigit
1027 1653 1075 1707 uel
1093 1669 1177 1724 uege-

165 1727 227 1778 tum
241 1725 284 1777 est
299 1721 461 1778 ...Ennius
475 1721 658 1778 Ambrachia:
678 1723 722 1776 et'
739 1739 762 1776 e.
778 1741 804 1790 q.
820 1741 840 1777 s.
869 1723 914 1777 An
927 1723 1041 1778 fabulae
1056 1723 1178 1779 frustum

166 1795 196 1849 et
212 1797 312 1864 postea
329 1795 400 1849 hacc
418 1794 476 1849 fere
497 1793 588 1847 ‘idem
606 1793 752 1847 annalium
767 1839 772 1849 .
785 1795 802 1848 .’
823 1794 1003 1851 excidenmt?

237 1911 400 1966 Hecarvooi
427 1911 559 1981 dactylici
581 1911 702 1977 frustum
723 1911 817 1978 babes,
844 1911 902 1966 arbi
922 1912 993 1978 forte
1015 1917 1179 1980 anapaestos

162 1983 315 2050 praeferes:
333 2009 352 2034 υ
363 2008 382 2034 υ
395 2026 412 2034 -
426 2010 444 2034 υ
466 1983 496 2035 et
518 1995 641 2048 aequora
665 1980 740 2034 salsa
758 1997 844 2050 ueges
862 1984 872 2052 ΙΙ
889 1981 1052 2051 ingentibus
1071 1981 1178 2038 uentis:

166 2054 213 2106 ced
230 2053 265 2119 cf.
285 2059 355 2123 trop.
370 2057 421 2104 251
475 2051 643 2105 Ambraciae
662 2068 785 2119 aequora
800 2052 965 2108 Stobwcsser
978 2055 1009 2107 tn
1023 2053 1125 2120 Woclff
1127 2055 1180 2108 lici

167 2124 240 2178 arch.
254 2122 268 2176 Ι
283 2128 333 2176 197
352 2122 468 2176 aethera
485 2125 515 2176 et
533 2139 656 2190 aequora
675 2124 811 2194 Berytics

585 2307 760 2367 SABINAE

239 2424 450 2479 Praetextatam
467 2423 612 2479 Vahlenus
630 2423 777 2479 indicavit.
816 2483 818 2489 ,

664 2549 680 2607 Ι

115 2651 151 2725 Ι5
172 2656 252 2722 cnm
275 2658 378 2742 spdlia
399 2659 526 2744 generis
549 2659 766 2744 detraxeritis,
790 2660 900 2744 quim,
923 2657 1086 2743 <patres>,

170 2761 418 2847 inscriptionem
441 2765 582 2830 dabitis?

240 2893 328 2946 Iulius
346 2893 445 2950 Victor
461 2895 492 2948 in
509 2897 593 2950 rhett.
612 2896 687 2951 Latt.
705 2915 732 2965 p.
747 2902 800 2950 402
814 2895 848 2950 H.
874 2895 922 2950 ‘ab
940 2897 1044 2949 euentu
1062 2895 1093 2948 in
1111 2913 1183 2964 qua-

171 2964 254 3020 litate
325 2967 358 3020 ut
376 2965 514 3021 Sabinis
532 2967 661 3022 Ennius
681 2967 765 3022 dixit:
785 2968 863 3020 cum’
884 2983 907 3021 e.
927 2984 953 3035 q.
973 2984 994 3021 s.

244 3085 258 3133 1
277 3081 387 3150 generis
405 3082 506 3150 Iacca,
529 3085 661 3137 cimicum
678 3084 824 3156 γαμβροῖς,
847 3089 879 3138 ct
897 3089 965 3137 recte
983 3083 1182 3152 interpretator

174 3150 316 3207 Glutetiuc.
335 3151 433 3223 generi
451 3153 529 3208 Rom.
583 3155 678 3223 patres
697 3156 761 3209 add.
780 3171 801 3208 c
