2624 3888
570 137 600 192 L.
619 138 745 194 ACCIVS
1100 142 1163 206 167

634 307 679 365 v1

154 405 237 482 Quia
259 410 318 472 nec
340 430 399 472 uos
422 429 480 472 nec
503 407 558 472 ille
580 407 701 492 inpdne
723 407 877 474 incideret
900 432 1005 474 meam
1043 422 1097 480 11
1202 461 1205 474 .

154 509 435 580 Grandae'uitabem

223 635 294 690 Non.
311 641 413 705 116,11
436 636 709 707 ‘grandaeuitas¹
733 636 835 691 Accius
849 636 1094 692 Alcimachone
1107 681 1113 692 .
1125 682 1131 694 .
1144 639 1161 692 .'

225 748 238 795 1
258 759 309 796 noe
330 744 368 798 W

628 823 687 882 VII

151 919 260 1005 Atque
284 925 374 988 eccos
398 924 505 1011 segnis
529 925 642 989 somno
667 929 699 989 ei
722 923 927 989 tarditddine.
1054 885 1104 974 Isi
1157 977 1159 982 ,

227 1043 296 1102 Non.
317 1051 381 1114 181,
397 1051 430 1100 18
455 1045 689 1100 ‘tarditudine
713 1048 742 1100 et
763 1045 879 1100 tarditie
900 1063 951 1116 pro
969 1045 1105 1101 cordibabe

151 1113 257 1170 Accius
273 1115 435 1170 Alcmene
450 1117 503 1172 ...’
538 1116 672 1187 (Accius
690 1116 851 1172 Alcmene
870 1135 923 1173 om.
943 1117 1020 1173 Leid,
1039 1117 1162 1173 Accius

152 1184 359 1242 Alcmaeone
378 1186 487 1258 Juniue)

228 1291 320 1363 signas
338 1294 366 1348 L
385 1293 472 1365 signis
487 1295 521 1348 H
524 1295 562 1350 W

618 1393 694 1484 1111

150 1489 321 1556 Postre‘mo
343 1493 490 1578 amplexa
512 1493 667 1578 bricium,
691 1515 786 1578 quem
811 1493 843 1557 di
867 1493 956 1578 dont,
979 1495 1082 1576 cape!-
1166 1510 1198 1558 70

226 1620 298 1675 Non.
316 1627 380 1690 470,
396 1627 428 1676 11
459 1622 630 1693 ‘amplexa
659 1640 709 1692 pro
737 1623 905 1693 amplexare.
942 1622 1043 1677 Accius
1069 1622 1163 1678 Alci-

150 1708 271 1746 mcone
286 1693 339 1748 ...'
358 1693 566 1764 (solomeone
585 1693 694 1762 Bamb.)

225 1799 292 1853 Non
310 1801 491 1856 dubitandem
510 1802 578 1872 qaia
596 1801 726 1871 amplexa
740 1803 922 1872 ponceipiuon
940 1805 977 1859 eit

515 2004 798 2064 ALPHESIBOEA

650 2129 665 2187 I

243 2225 294 2292 Ita
317 2228 433 2292 territa
454 2229 599 2295 membra
621 2230 728 2294 animo
752 2232 884 2316 aegroto
909 2245 919 2254 “
943 2241 947 2252 ’

290 2332 449 2400 Cunctdnt
471 2335 616 2400 subferre
638 2335 790 2400 laborem.
845 2363 860 2375 ·=
884 2401 889 2410 ,

151 2535 175 2588 Β
224 2463 296 2605 ἔζη.
316 2471 381 2535 469,
397 2471 431 2519 23
451 2467 633 2520 ‘cuncbant
649 2482 700 2536 pro
719 2468 906 2521 cunctantur)
945 2466 1164 2536 (Alpesiboea

98 2587 103 2596 ,
178 2552 252 2590 am.

641 2635 672 2692 H

623 2735 684 2799 etsi
707 2740 756 2800 esi
778 2734 812 2799 1'n
835 2734 959 2799 melio·
994 2765 1001 2774 ·

152 2841 330 2925 Depositus
353 2842 491 2928 enimus,
515 2843 595 2927 queri
618 2842 707 2907 scibo
732 2841 845 2907 exinde
870 2841 987 2906 addice.
1038 2859 1043 2870 ·

223 2971 295 3026 Non.
312 2976 425 3040 271³,25
451 2971 636 3041 ‘deponere
656 2975 699 3028 est
718 2973 878 3042 desperare,
902 2972 977 3026 unde
996 2973 1025 3024 ei
1044 2939 1165 3040 depositi

149 3041 308 3168 ldzsggrati’
324 3041 456 3096 dicuntur
471 3043 628 3098 ...Accius
656 3043 686 3097 in
714 3045 800 3098 Tereo
874 3043 950 3098 idem
976 3042 1007 3096 in
1035 3041 1166 3096 Alfesi-

225 3235 241 3282 2
262 3227 383 3298 animur,
407 3245 480 3298 quae
499 3229 576 3284 scibo
596 3229 696 3286 exinde
714 3231 833 3286 Bothc'os
851 3231 1016 3286 dubitanter.
1055 3227 1165 3282 animus

151 3317 231 3354 meus
252 3316 324 3368 quae
343 3299 420 3354 scibo
440 3299 594 3371 exindere,
619 3319 687 3372 qaae
710 3304 742 3356 c'c
760 3309 845 3356 cetea.
866 3302 947 3356 trech.
967 3302 1072 3356 servari
1086 3317 1166 3370 posce

150 3378 242 3426 moeret
260 3373 321 3426 Boe
339 3370 449 3426 animus
468 3389 546 3426 meus
565 3390 591 3441 q.
611 3391 632 3428 s.
653 3389 687 3427 ex
704 3388 749 3426 me
769 3374 879 3427 Vossc'oc
938 3371 1035 3426 audies
1055 3373 1166 3428 Vossius

152 3441 252 3496 audiet
270 3463 291 3496 ω
356 3443 496 3512 Temptavi
513 3447 602 3512 caria,
621 3462 642 3499 e.
663 3463 684 3499 c.
704 3443 758 3498 etsi
776 3459 854 3496 meus
873 3445 965 3497 estio
983 3442 1075 3513 malis,
1094 3446 1167 3514 qaod

150 3531 247 3570 cerum
264 3515 379 3570 videtur.
412 3514 533 3569 Ceterum
552 3517 586 3583 cf.
605 3516 696 3570 coroll.
715 3533 779 3570 com.
795 3532 824 3584 p.
840 3513 899 3568 CIX
