2624 3888
531 153 561 208 L.
581 152 709 208 ACCIVS
1060 153 1125 218 239

601 321 644 378 IX

110 421 292 507 Reciproca
314 423 448 488 tendens
470 425 570 487 ne‘ruo
595 423 712 506 equino
736 423 861 486 concita
1128 443 1179 492 545

112 527 191 593 Τ515

187 641 278 695 Varro
297 642 332 695 de
350 641 368 695 l.
388 641 407 695 l.
426 641 478 695 VH
492 646 527 695 80
540 642 577 695 M.
598 642 686 710 ‘apud
704 641 833 697 Accium:
851 642 1005 713 reciproca’
1026 659 1049 696 5.
1064 661 1089 712 q.
1105 661 1126 698 s.

112 712 308 794 ‘reciproca
327 716 378 781 est,
398 729 461 766 cum
478 713 553 766 unde
572 712 641 780 quid
659 712 823 782 profectum,
842 713 917 768 redit
931 715 984 768 eo!
1014 713 1126 769 Servius

109 784 183 837 Dan.
203 801 234 836 1n
252 784 320 838 Aen.
335 783 374 837 IX
388 788 440 838 619
461 785 617 852 ‘neruoque
639 783 754 854 equino,
774 784 842 852 quia
859 784 890 838 in
909 786 1028 840 arcubus
1046 785 1126 840 nerui

111 854 210 923 equini
230 855 322 909 solent
341 871 409 909 esse.
445 853 547 908 Accius
566 855 737 911 Philocteta:
757 855 901 910 tendens
973 857 1064 912 tela)

606 989 633 1046 X

530 1087 711 1153 Philocteta

111 1249 119 1260 .
168 1248 175 1260 .
221 1197 407 1282 pinnigero,
428 1197 495 1260 non
518 1197 677 1282 armigero
701 1196 736 1259 in
758 1199 891 1280 odi-pore

110 1303 192 1367 Tele
215 1304 403 1366 exercentur
425 1301 504 1366 haec
527 1301 651 1366 abiecte
673 1303 786 1388 glorie.

185 1413 282 1469 Cicero
312 1414 348 1468 ad
374 1413 462 1468 famil.
482 1414 534 1467 Vll
553 1419 587 1467 33
617 1415 665 1466 ‘ut
692 1413 791 1482 etiam,
824 1415 848 1467 si
876 1417 989 1484 quando
1018 1416 1126 1484 aliquid

112 1486 234 1556 dignum
256 1489 352 1540 nostro
375 1484 488 1539 nomine
513 1484 668 1554 emisimus,
691 1485 920 1556 ingemiscamus,
944 1487 1020 1556 quod
1042 1487 1125 1540 haec

109 1557 300 1628 pinnigero
319 1575 346 1611 11.
366 1573 390 1610 a.
409 1556 445 1610 in
464 1573 486 1609 c.
505 1555 577 1609 tela
596 1559 833 1626 exerceantur,
852 1561 885 1611 ut
898 1557 941 1612 ait
954 1557 1125 1612 Philoctetes

110 1629 190 1698 apud
207 1627 333 1697 Accium,
353 1626 492 1682 abiecta
509 1627 643 1697 gloria)

186 1720 352 1795 lsq.'Dedc'
378 1743 470 1780 555555
495 1727 644 1780 seecundum
666 1725 866 1781 Hemonam.
909 1728 976 1781 Vide
1001 1745 1039 1780 aa
1061 1727 1126 1781 baec

110 1797 261 1867 pinnigero
285 1797 367 1866 haec,
390 1813 448 1850 non
471 1814 496 1850 a.
520 1795 550 1848 in
573 1813 595 1850 c.
616 1796 685 1850 Tela
708 1800 872 1852 exercentur
894 1800 990 1852 uetere
1013 1796 1126 1851 abiecta

110 1868 205 1938 gloria
219 1876 360 1940 praestent
599 1947 642 2004 X]

486 2039 573 2104 iaceo
597 2040 741 2104 intecto
764 2041 889 2126 umido,

111 2146 207 2223 Quod
230 2146 352 2210 eiulatu
377 2147 492 2229 questu
514 2146 638 2231 gemitu
661 2147 844 2211 fremitibus
1127 2166 1178 2213 555

110 2251 455 2326 Resonandomutum
476 2251 594 2316 fle‘bilis
616 2255 712 2316 uoce's
734 2253 841 2316 refert.

182 2363 301 2417 Χ1ΧΠ
329 2362 424 2417 Cicero
447 2363 528 2417 Tusc.
552 2361 623 2432 disp.
642 2363 669 2416 H
684 2370 730 2430 14,
745 2370 779 2416 33
809 2366 890 2416 ‘num
913 2365 1037 2417 humana
1059 2381 1125 2418 con-

109 2438 286 2490 temnentem
309 2437 405 2503 potest
427 2433 519 2488 dicere
543 2436 593 2487 aut
615 2433 804 2488 Philoctetam
827 2434 926 2488 illum?
955 2451 972 2487 a
998 2438 1027 2488 55
1051 2435 1125 2488 enim

110 2507 187 2562 malo
211 2505 368 2573 discedere;
393 2505 442 2559 sed
465 2505 514 2558 1115
533 2507 608 2559 certe
626 2521 683 2558 non
701 2504 795 2573 fortis,
819 2505 868 2574 qui
886 2505 961 2558 iacet
978 2505 1013 2558 in
1031 2508 1124 2560 tecto

112 2577 298 2633 ...refert’
336 2576 414 2630 Idem
433 2577 468 2630 de
486 2576 532 2630 fin.
552 2576 639 2644 1129,
654 2582 689 2630 94
709 2575 906 2644 ‘quamobrem
924 2579 1005 2645 turpe
1023 2580 1125 2645 putan-

110 2650 179 2702 dum
193 2652 245 2718 est,
264 2665 322 2702 non
337 2647 400 2701 dico
415 2647 509 2701 dolere
525 2692 530 2701 .
544 2691 566 2701 ..
583 2647 632 2700 sed
647 2664 745 2700 saxum
757 2645 829 2700 illud
844 2646 990 2701 Lemnium
1004 2647 1124 2702 clamore

109 2719 289 2774 Philocteteo
316 2718 473 2787 funestare,
502 2718 590 2786 quod
614 2717 933 2772 eiulatu...refcrt.
971 2717 1124 2843 11515Εῇ-

110 2809 194 2844 curus
221 2793 398 2860 praecentet,
427 2789 451 2842 si
477 2791 583 2858 potest,
613 2789 659 2842 cui
686 2789 769 2862 [ΧΠ]
811 2789 851 2843 515
878 2789 1027 2859 Epicurus:
1059 2791 1081 2844 P
1104 2790 1125 2831 '-

109 2863 227 2931 locteta‚
247 2864 286 2916 st!
304 2861 400 2915 breuis
420 2860 506 2914 dolor.
540 2863 571 2914 at
588 2859 647 2914 iam
665 2860 803 2916 decimum
822 2879 926 2916 annum
943 2861 973 2915 in
992 2862 1125 2932 spelunca

110 2934 206 2988 iacet’
237 2931 346 2986 Nonius
361 2938 466 3000 35155
483 2931 649 2986 ‘imbuere
664 2935 708 2986 est
721 2933 841 2987 inficere.
870 2932 971 2987 Accius
985 2933 1125 2988 Filocteta

111 3005 208 3078 [XII].'
249 3003 344 3058 Cicero
372 3003 460 3057 Tusc.¹
482 3001 690 3072 disp.117,19
720 3004 829 3074 ‘aspice
851 3004 1051 3074 Philoctetam,
1080 3005 1125 3058 cui

110 3075 324 3130 concedendum
347 3077 390 3128 est
413 3073 550 3144 gementi,
577 3074 670 3144 ipsum
693 3075 767 3129 enim
790 3076 939 3130 Herculem
961 3076 1073 3130 uiderat
1094 3076 1124 3129 in

111 3147 183 3202 Oeta
202 3145 399 3216 magnitudine
419 3145 546 3199 dolorum
565 3146 726 3201 eiulantem.
754 3146 827 3199 nihil
843 3147 931 3216 igitur
944 3147 1019 3200 hunc
1032 3147 1124 3200 uirum

110 3237 123 3272 s
165 3218 249 3286 ttae,
277 3235 347 3286 quas
371 3217 407 3271 ab
430 3217 549 3270 Hercule
572 3221 731 3287 acceperat,
757 3221 818 3270 tum
841 3218 1033 3285 consolantur,
1061 3235 1124 3270 cum

123 3235 198 3362 fil}
227 3288 326 3356 itaque
340 3287 480 3342 exclamat
494 3287 630 3341 auxilium
644 3292 786 3358 expetens,
800 3289 871 3342 mori
886 3288 1000 3358 cupiens
1015 3288 1121 3360 [XIX].’

110 3292 268 3415 hontinuat
286 3360 462 3414 Hermannus
480 3371 576 3412 versus
596 3365 744 3414 549-558.

184 3456 298 3530 1115555
318 3456 496 3512 Hermarchus
558 3459 634 3510 tecto
654 3458 821 3513 Boubicrios
837 3457 911 3512 lecto
931 3479 952 3511 ω
1019 3457 1124 3510 31551-

107 3532 171 3583 tum
190 3540 213 3597 ψ
232 3531 265 3582 ia
286 3529 365 3584 Tuec.
