2624 3888
157 166 224 230 244
573 165 602 219 L.
622 163 749 220 Acclvs

631 333 690 390 VH

160 433 259 500 Salsis
281 456 427 498 cruorem
449 435 552 520 guttis
573 433 788 520 lacrimarum
801 432 890 496 lauit.

161 568 163 574 '
229 557 301 610 Non.
321 562 381 626 503,
396 563 430 610 27
451 555 558 609 ‘lauit
575 572 626 626 pro
645 551 724 608 lau'at
797 553 897 608 Accius
916 522 1024 608 Finidis
1040 557 1095 610 ...'

230 663 320 734 guttit
340 665 377 718 W

629 741 703 798 VIII

161 842 203 908 Se
225 844 357 908 uenenis
380 843 522 908 sterilem
545 864 611 906 esse
632 842 720 908 illius
740 843 836 926 ὄρθια
854 846 886 906 et
904 841 1062 906 medicina
1080 844 1178 904 alitu-

795 971 887 1012 mans

232 1060 304 1114 Ncn.
325 1066 371 1129 20,
386 1067 419 1114 29
445 1060 663 1114 ‘medicinam
686 1060 804 1114 dicimus
828 1063 857 1114 et
875 1077 1025 1128 uenenum;
1048 1062 1176 1113 tractum

162 1149 180 1185 a
194 1130 316 1200 Graecis,
331 1131 380 1198 qui
393 1148 533 1186 uenenum
546 1132 689 1186 farmacon
704 1133 857 1202 appellant.
885 1131 985 1186 Accius
1000 1130 1109 1184 Finidis
1120 1175 1125 1184 .
1136 1174 1142 1184 .
1154 1132 1173 1184 .’

161 1201 324 1274 (Finisdis
339 1202 415 1257 Leid.
430 1221 466 1257 m.
483 1209 496 1255 1
516 1203 671 1256 Fenissis
690 1203 767 1257 Leid.
782 1222 818 1258 m.
834 1207 860 1272 2)
879 1202 973 1272 Eurip.
988 1202 1120 1256 Androm.
1137 1207 1174 1256 32

162 1272 281 1327 conferri
299 1273 379 1328 iubet
396 1275 463 1328 Bue.

167 1397 169 1406 v
234 1387 263 1426 sc
282 1371 398 1444 uenenis
416 1371 487 1441 (eius
504 1374 546 1426 cel
564 1388 594 1426 se
613 1371 672 1426 eius
691 1371 807 1426 uenenis
825 1373 1002 1428 coniecerant:
1025 1373 1061 1438 cs.
1080 1371 1173 1426 ccroll.

163 1441 234 1512 LXI)
259 1443 321 1497 Rue
346 1442 455 1496 seuenis
474 1464 495 1496 ω
521 1442 545 1496 si
563 1443 665 1497 ueneni
685 1443 797 1499 Grotirrs
816 1443 964 1497 sementim
982 1443 1123 1498 Merceruc
1142 1457 1174 1495 se

163 1513 273 1568 ueneris
288 1515 423 1585 Berylciue
436 1516 482 1583 (cf.
497 1515 553 1569 Leo
568 1515 613 1568 Pl.
629 1515 663 1568 F.
679 1520 741 1582 293)
796 1517 826 1568 et
841 1515 982 1570 Merceras
995 1517 1054 1583 stu
1069 1519 1084 1567 e
1099 1514 1133 1582 (t.
1150 1529 1173 1566 e.

163 1587 217 1655 est)
234 1592 298 1641 teste
319 1586 423 1640 Orione
441 1586 467 1638 L
520 1588 651 1639 autumas
672 1587 764 1642 Vrbiu.
781 1591 832 1640 307

644 1736 686 1794 IX

110 1853 162 1901 580
173 1837 301 1914 Quaeue
324 1842 362 1902 ut
385 1835 481 1902 Graio
501 1836 563 1902 tssri
582 1842 775 1924 congenerat
793 1840 926 1924 ge'ntum
945 1840 1001 1901 aut
1019 1857 1175 1922 generum

800 1943 973 2009 adfinitas?

163 2056 306 2180 Fidinlggm.
325 2061 368 2153 834,
383 2063 416 2111 28
438 2058 662 2127 ‘congenerat
680 2060 724 2112 est
743 2057 879 2127 adiungit,
900 2055 1034 2110 adsociat.
1072 2054 1175 2110 Accius

236 2241 344 2292 quaeue
358 2229 390 2279 ut
398 2229 496 2295 scripsi
508 2243 598 2294 queue
613 2229 643 2280 at
653 2227 688 2282 H
692 2226 773 2281 ’LW
782 2245 808 2294 q.
823 2229 945 2282 u*eueat
954 2226 989 2280 H
995 2231 1058 2280 teste
1070 2224 1176 2279 Ouicus

165 2313 191 2363 q.
215 2299 282 2349 ueat
305 2297 336 2350 F
363 2359 365 2364 ¹
402 2297 482 2367 graio
506 2299 575 2352 LW
595 2316 663 2354 corr.
691 2297 763 2352 frafo
783 2298 835 2353 W1
906 2313 1045 2365 quaenam
1073 2294 1175 2349 Graios

166 2367 351 2439 Kr'ecela'nqius
378 2385 486 2436 quaeue
514 2368 649 2439 adgnatio
673 2370 735 2424 Bac
762 2385 870 2437 quaeue
898 2369 971 2422 hanc
994 2365 1121 2421 Graios
1146 2391 1148 2401 ·
1172 2396 1176 2402 -

164 2441 281 2508 gentum
299 2440 416 2495 Bothiue
434 2439 561 2509 gentium
579 2461 600 2493 ω

542 2589 792 2648 Pacuiussna

661 2715 677 2772 I

167 2811 224 2897 Sol
247 2813 305 2898 qui
325 2813 496 2878 micantem
520 2813 654 2878 candido
678 2835 773 2877 curru
795 2814 891 2897 atque
915 2812 1005 2896 equis

166 2919 344 2984 Flammam
367 2920 473 2984 citatis
496 2920 620 2984 feruido
644 2920 756 2984 ardore
779 2919 932 3004 e'xph'caS,

167 3025 324 3101 Quianam
346 3029 413 3089 tam
436 3025 568 3090 aduerso
592 3026 727 3112 augdric
751 3029 783 3089 et
805 3025 936 3090 inimico
959 3024 1065 3089 emine

167 3130 286 3195 Thebis
308 3131 468 3196 radiatum
490 3132 598 3196 himen
621 3131 763 3196 ostentis
785 3134 878 3195 tuum
897 3131 961 3196 -?

237 3251 397 3307 Priscianus
417 3253 560 3308 demetria
575 3253 635 3308 Ter.
650 3271 676 3322 p.
694 3257 761 3307 1325
776 3251 805 3306 P.
825 3227 912 3321 (cet.
927 3252 1032 3306 111424
1046 3252 1090 3322 Κ.)
1110 3227 1176 3307 ‘nee

168 3322 258 3376 solum
280 3323 380 3378 comici
402 3324 601 3386 huiuscemodi
613 3327 678 3378 sunt
696 3323 741 3378 usi
758 3322 873 3390 iambis,
898 3323 947 3377 sed
966 3323 1052 3377 etiam
1070 3323 1177 3394 tragici

167 3393 353 3448 uetustissimi
368 3437 443 3450 .....
447 3396 455 3422 ’
493 3395 626 3449 Versibus
647 3405 660 3448 1
680 3397 743 3449 eta
767 3393 903 3463 Apuleius
921 3410 1031 3462 quoque
1050 3411 1107 3448 non
1125 3412 1177 3449 no-

167 3462 275 3541 minato
299 3469 412 3520 auctore
434 3470 511 3536 (nam
532 3465 635 3519 lacuna
654 3465 852 3533 praecedentia
870 3466 972 3520 hausta
991 3467 1066 3534 sunt)
1085 3465 1177 3520 utitur

168 3549 198 3584 ιιι
217 3532 318 3588 Florid.
333 3536 359 3588 II
374 3542 407 3589 10
425 3555 451 3605 p.
469 3541 501 3590 13
515 3535 561 3592 Kr.
656 3589 657 3594 ,
1163 3551 1166 3560 ⁴
