2630 3886
178 182 243 244 292
350 181 399 234 EX
417 181 583 235 INCERTIS
601 180 843 234 INCERTORVM
860 181 1012 235 FABVLIS

176 358 231 410 que
254 344 355 394 cetera.
393 358 460 394 nam
483 341 621 395 eiusmodi
645 343 710 394 sunt
733 340 759 394 ei
782 357 890 409 uersus,
915 343 947 394 ut
969 340 1000 393 in
1020 342 1130 408 tempus
1149 339 1189 393 ab

177 411 292 465 inimico
319 412 435 482 Pompei
464 412 562 482 scripti
589 429 649 466 esse
677 411 834 466 uideantur.
864 411 898 465 Si
924 411 1048 479 neque’
1076 427 1099 464 e.
1119 428 1146 478 q.
1166 429 1190 464 s.

179 484 223 537 ‘et
243 487 335 537 uetera
348 501 456 554 magno
476 501 539 537 eum
557 483 671 536 fremitu
691 486 719 536 et
738 482 858 536 clamore
878 485 944 536 sunt
963 482 1048 535 diota.
1086 481 1192 536 Caesar

177 571 241 608 eum
263 554 388 608 uenisset
411 557 521 608 mortuo
540 555 654 624 plausu,
678 553 760 607 Curio
779 553 853 607 filius
873 556 916 607 est
934 553 1085 607 insecutus.
1123 553 1191 607 huic

177 625 219 680 ita
242 625 373 694 plausum
391 629 446 694 est,
470 629 503 678 ut
522 626 602 679 salua
620 642 649 678 re
667 624 782 694 publiea
800 624 933 694 Pompeio
951 623 1050 694 plaudi
1069 624 1191 678 solebat.

177 696 245 750 tulit
268 697 370 750 Caesar
391 696 523 766 grauiter.
561 696 674 750 litterae
699 695 823 764 Capuam
847 698 884 748 ad
905 695 1069 764 Pompeium
1092 695 1192 749 uolare

178 767 351 822 dicebantur.
388 767 495 820 inimici
515 771 595 821 erant
614 766 766 835 equitibus,
785 766 834 834 qui
849 766 961 820 Curioni
981 769 1089 820 stantes
1107 766 1191 836 plau-

179 842 281 907 serant,
300 840 395 892 hostes
415 839 563 892 omnibus!
602 837 731 892 Valerius
749 837 889 891 Maximus
908 838 946 892 VI
961 843 1021 906 2‚e
1042 837 1192 907 ‘Diphilus

178 910 338 978 tragoedus,
358 927 420 963 cum
434 909 645 978 Apollinaribus
664 909 738 961 ludis
753 908 826 962 inter
841 912 935 963 aetum
950 909 987 962 ad
1001 925 1064 962 eum
1079 925 1194 962 uersum

179 980 317 1049 uenisset,
340 980 371 1032 in
394 997 449 1048 quo
470 981 540 1034 haee
559 979 699 1034 sententia
718 980 889 1034 continetur:
912 978 1051 1033 miseria
1070 983 1194 1033 nostra

179 1069 319 1120 magnus
347 1053 403 1120 est,
432 1051 550 1105 derectis
576 1052 606 1105 in
628 1051 793 1120 Pompeium
816 1051 951 1122 Magnum
973 1050 1105 1104 manibus
1128 1069 1194 1121 pro-

179 1122 335 1190 nuntiauit,
354 1125 557 1191 reuocatusque
577 1122 746 1190 aliquotiens
765 1140 783 1175 a
800 1122 905 1192 populo
925 1121 984 1175 sine
1002 1121 1062 1175 ulla
1077 1127 1194 1176 cuneta-

179 1194 256 1247 tione
280 1192 384 1247 nimiae
407 1193 488 1246 illum
511 1197 541 1248 et
562 1193 750 1248 intolerabilis
768 1193 914 1262 potentiae
932 1210 1011 1246 reum
1029 1196 1112 1262 gestu
1130 1211 1194 1263 per-

181 1268 342 1318 seueranter
369 1264 436 1333 egit.
478 1265 578 1319 eadem
603 1261 764 1334 petulantia
790 1283 857 1318 usus
890 1267 934 1318 est
960 1264 991 1317 in
1019 1280 1053 1318 ea
1080 1282 1194 1334 quoque

179 1339 273 1405 parte:
292 1335 458 1390 uirtutem
476 1336 635 1390 istam...
650 1337 782 1406 gemes’
821 1335 862 1390 ef.
881 1335 946 1388 hist.
966 1338 1038 1405 trag.
1054 1341 1114 1390 545.

251 1458 266 1504 2
284 1467 381 1521 gemas
395 1452 498 1506 Valerii
511 1453 595 1506 Bere.
651 1457 667 1503 3
682 1453 853 1506 oetermrium
866 1452 1012 1506 iambicum
1025 1452 1104 1506 habet
1116 1452 1194 1506 Bae:

180 1525 300 1578 trochaei
317 1525 389 1591 [tuest
407 1524 509 1577 inserto
527 1525 556 1576 te
571 1530 634 1591 post
651 1522 728 1591 leges

636 1698 734 1756 LXIV

180 1797 198 1864 '.
224 1851 229 1863 .
253 1799 310 1863 ubi
332 1821 391 1863 nee
413 1798 637 1883 Pelopidarum
663 1800 747 1862 faeta
770 1821 873 1883 neque
896 1799 1015 1862 famam
1039 1797 1175 1862 addiam.

253 1929 348 1984 Cicero
373 1929 408 1981 ad
432 1928 655 1997 fam.VII30,1
687 1928 768 1981 ‘hine
796 1929 857 1998 ipse
885 1928 1025 1982 euolare
1054 1928 1137 1998 cupio
1165 1931 1196 1983 et

183 2000 279 2068 aliquo
297 1999 451 2070 peruenire,
471 2000 529 2053 ubi
548 2017 607 2054 neo
626 1999 870 2068 Pelopidarum
888 2015 1007 2053 nomen
1023 2015 1085 2052 neo
1099 1999 1196 2053 faeta

183 2071 340 2126 audiam’
370 2071 447 2123 Idem
467 2072 503 2124 ad
520 2071 701 2125 fam.V1128
722 2071 851 2140 ‘pedibus
871 2087 899 2124 es
919 2073 1083 2124 consecutus
1103 2073 1135 2123 ut
1153 2070 1197 2124 ibi

184 2158 271 2210 esses,
295 2141 345 2195 ubi
368 2158 428 2196 nee
446 2141 701 2210 Pelopidarum,
728 2141 803 2195 nosti
826 2142 938 2196 oetera’
976 2141 1055 2195 Idem
1078 2143 1116 2194 ad
1134 2143 1195 2197 Att.

183 2213 235 2266 XV
249 2218 296 2281 11,
311 2218 327 2265 3
348 2211 460 2280 ‘itaque
479 2213 532 2265 etsi
551 2230 586 2266 ne
605 2215 689 2266 antea
707 2213 821 2280 quidem
840 2211 982 2280 dubitaui,
1006 2215 1103 2266 tamen
1120 2231 1198 2266 nuno

184 2301 217 2338 eo
237 2283 338 2352 minus,
358 2283 496 2337 euolare
515 2283 581 2337 hinc
599 2283 684 2350 idque
699 2283 925 2352 quamprimum,
944 2282 1002 2336 ubi
1022 2300 1082 2337 nee
1096 2283 1197 2338 Pelo-

211 2355 216 2365 .
814 2354 819 2364 .
888 2355 896 2381 ,
987 2354 993 2364 .

184 2354 1199 2495 lillfflmlllllsnllilflelll'tlultlnlsllllelallelll

185 2497 324 2551 euolare
343 2497 447 2566 cupio’
476 2497 554 2550 Idem
572 2496 609 2549 ad
626 2497 685 2550 Att.
704 2496 769 2549 XIV
797 2501 869 2564 122
891 2496 1001 2563 ‘itaque
1020 2495 1096 2550 exire
1116 2514 1198 2566 aueo,

185 2568 244 2622 ubi
274 2585 335 2621 neo
366 2568 622 2638 Pelopidarum,
654 2567 767 2635 inquit'
810 2567 887 2620 Idem
914 2567 986 2621 Phil.
1009 2567 1075 2621 XIII
1093 2574 1141 2637 21,
1162 2575 1198 2622 49

189 2639 307 2693 ‘moueri
330 2639 442 2693 sedibus
465 2638 531 2692 huie
553 2637 616 2692 urbi
639 2639 739 2692 melius
764 2641 807 2691 est
829 2641 914 2706 atque
933 2638 963 2690 in
982 2637 1067 2706 alias,
1093 2639 1118 2691 si
1136 2640 1200 2693 fieri

185 2710 288 2780 possit,
312 2713 400 2764 terras
420 2710 588 2779 demigrare,
608 2710 682 2762 unde
701 2709 925 2762 Antoniorum
942 2725 1003 2763 neo
1022 2709 1118 2763 faeta
1136 2727 1200 2765 nee
1298 2733 1299 2772 i

185 2797 304 2835 nomen
323 2781 456 2848 audiat,
476 2782 576 2848 quam’
598 2797 619 2834 e.
640 2799 666 2848 q.
686 2798 706 2834 s.
744 2779 869 2850 Ascripsi
887 2782 972 2834 Atreo
991 2779 1078 2835 Accii.

257 2895 389 2949 euolandi
411 2897 487 2950 uerbo
509 2898 541 2966 (e.
560 2912 581 2950 c.
606 2895 715 2948 euolem
737 2897 819 2960 initio
836 2899 871 2965 a.)
889 2913 956 2949 uam
970 2902 1053 2963 poeta
1072 2912 1140 2950 usas
1159 2900 1199 2952 sit

187 2969 331 3021 lacertum:
363 2968 468 3036 reliqua
500 2967 700 3021 reeoaeiuuaoi.
737 2969 872 3036 intepretes
900 2983 1006 3022 versum
1033 2965 1083 3019 ubi
1110 2985 1137 3021 n.
1168 2969 1199 3023 P.

187 3054 289 3092 nomen
306 3053 358 3091 neo
377 3036 453 3091 faeta
472 3039 522 3089 aut
539 3037 645 3090 famam
664 3054 688 3090 a.
706 3039 772 3104 fecit
789 3039 907 3092 Bellias

653 3221 733 3279 LXV
762 3226 765 3232 '

138 3325 388 3408 120Thespr6te,
411 3325 438 3387 si
461 3324 533 3408 quis
557 3323 711 3408 sanguine
736 3325 882 3387 exortam
905 3328 962 3389 tuo

198 3430 327 3492 Prolem
349 3428 433 3493 inter
456 3452 526 3494 aras
549 3430 750 3512 s<aerifioas>
773 3451 895 3494 suoram
918 3430 1078 3516 immolet,

202 3533 285 3608 Quid
312 3535 445 3599 meritus
471 3535 525 3599 hic
547 3537 603 3619 sit,
632 3535 847 3620 dubium<ne>
871 3560 910 3601 an
934 3538 1084 3622 cuiquam
1107 3538 1203 3603 fuat?
