2630 3886
348 189 349 192 =
430 154 639 210 POMPONIVS
677 155 838 209 SCAEVVS
1077 155 1142 220 269

125 335 216 387 quam
239 317 337 370 choros
356 314 507 385 explicant,
526 317 558 367 ut
577 314 652 382 apud
670 313 855 383 Pomponium
872 313 1025 384 reperimus
1040 316 1142 386 [1-3].

125 389 175 442 his
209 403 319 456 quoque
347 385 371 439 si
400 386 437 440 ad
465 384 599 439 extimum
627 383 733 438 adicias
761 385 843 438 binos
870 385 969 454 pedes,
1003 385 1144 454 integrum

126 461 324 514 hexametrum
342 457 377 510 de
395 455 496 510 mutilo
515 455 629 510 efficies'
650 472 674 509 e.
689 473 715 524 q.
731 474 751 509 s.
789 455 963 537 Augustinus
982 456 1017 508 ds
1034 455 1144 510 musica

126 531 168 584 IV
185 536 217 584 31
240 529 328 582 ‘alia'
350 531 396 598 (sc.
416 530 516 592 metra)
541 529 607 580 ‘nec
625 529 687 580 tota
705 525 862 580 immobiha
875 543 927 580 nec
942 529 1003 580 tota
1017 527 1143 594 mobilia,

128 604 165 655 ut
184 603 228 654 est
240 601 342 672 [1-4].
380 597 467 652 Vides
485 597 531 651 hic
550 597 624 652 enim
642 597 747 665 ubique
767 601 796 651 ct
814 597 951 666 spondeos
971 600 1000 650 et
1016 597 1143 666 dactylos

127 671 200 742 poni
213 687 300 741 posse
317 672 430 740 praeter
447 669 578 722 ultimum
596 669 704 738 pedem,
723 685 807 737 quem
825 668 907 722 metri
921 671 1019 722 auctor
1037 685 1144 738 semper

129 759 195 798 esse
213 741 358 810 dactylum
376 739 487 794 uoluit’

130 989 244 1033 omnes

207 1087 350 1143 Charisius
368 1105 395 1156 p.
412 1093 461 1140 111
477 1087 507 1140 P.
538 1085 712 1152 ‘monteis3
732 1085 800 1140 licet
817 1062 987 1155 Pomponius
1001 1085 1144 1139 Secundus

130 1163 233 1231 poeta,
255 1162 288 1213 ut
310 1159 396 1213 refert
414 1157 535 1224 Plinius,
558 1160 672 1226 propter
691 1158 890 1226 homonymum
908 1156 1078 1210 nominatiui
1101 1173 1145 1210 ac-

131 1265 263 1322 cusatiuo
278 1283 344 1318 casu
359 1263 477 1319 omneis’
493 1242 573 1333 (oni
587 1263 659 1332 cod.)
675 1265 747 1317 ‘non
760 1265 842 1332 putet
856 1263 920 1330 dici,
938 1263 987 1317 sed
1002 1265 1144 1318 omnes?

132 1336 275 1408 (omneis
290 1336 362 1404 cod.)
383 1336 489 1388 ‘tamen
507 1334 583 1388 idem
599 1333 706 1387 Plinius
725 1333 755 1386 in
770 1334 868 1387 eodem
881 1337 1027 1402 permanet
1041 1334 1145 1402 dicens,

133 1425 233 1464 omnes
256 1411 324 1461 tunc
347 1406 460 1460 demum
481 1422 564 1474 posse
590 1404 646 1458 dici
665 1404 839 1473 accusatius,
864 1407 896 1458 ut
914 1421 1010 1473 cansa,
1034 1405 1146 1474 quando

133 1479 284 1550 genetiuus
307 1477 425 1548 pluralis
448 1478 496 1530 ut’
518 1476 675 1544 (emend,
699 1475 808 1543 addidi)
827 1475 942 1528 ‘horum
961 1493 1062 1529 canum
1080 1479 1146 1530 ante

132 1569 184 1604 um
201 1550 212 1604 i
229 1567 286 1604 non
305 1549 411 1602 habet’
442 1547 481 1602 Cf.
502 1565 575 1616 quae
592 1565 619 1616 p.
636 1547 797 1616 129,19Κ,
817 1546 853 1599 ad
874 1546 1006 1600 ‘fontsis’
1027 1547 1147 1600 formam

135 1621 319 1675 disseruntur.
361 1620 449 1672 Vsum
480 1621 593 1688 poetae,
625 1635 682 1672 non
714 1617 864 1671 frustulum
897 1617 1021 1672 exhiberi
1051 1617 1146 1671 monui

132 1692 230 1747 coroll.
250 1711 277 1760 p.
296 1691 391 1744 LXIV.
432 1735 434 1738 .

208 1808 358 1860 Praeterea
376 1805 440 1858 ride
453 1805 513 1876 inc.
532 1804 586 1858 inc.
605 1803 662 1858 fab.
683 1803 800 1858 CXXIX.

400 2080 655 2166 senatvs
680 2083 886 2165 nuncu
973 2035 976 2042 ’

135 2251 322 2320 Scindimus
345 2253 431 2314 atras
453 2248 559 2313 ueteri
579 2249 723 2334 planctu,

133 2359 253 2442 Cissei,
275 2379 380 2444 genas.

211 2487 302 2558 Sergii
315 2487 424 2557 explan.
439 2486 469 2539 in
482 2487 624 2540 Donatum
638 2485 713 2541 CCL.
728 2487 767 2539 IV
779 2505 805 2556 p.
822 2491 873 2541 537
887 2487 919 2540 Κ.
945 2487 1149 2556 ‘patronomica

136 2559 270 2615 feminini
287 2558 397 2628 generis
415 2557 446 2611 in
464 2557 493 2610 is
512 2559 621 2624 exeunt,
641 2559 673 2610 ut
691 2556 784 2610 Atreis
799 2556 899 2611 Cisseis
913 2558 1061 2612 Dardanis.
1090 2557 1149 2612 filia

136 2630 220 2686 Atrei
243 2629 336 2684 Atreis
360 2629 476 2695 dicitur,
499 2628 558 2681 filia
577 2627 689 2700 [Cissei]
708 2627 850 2697 Cisseis,
873 2628 908 2682 id
927 2632 980 2682 est
997 2629 1147 2697 Hecuba,

137 2701 252 2758 Cissei
274 2700 367 2769 filia,
390 2699 517 2754 Priami
539 2699 630 2768 regis
653 2717 743 2753 uxor.
785 2699 926 2770 Vergilius
999 2701 1148 2754 Scaeuus

135 2775 179 2828 in
196 2770 391 2842 tragoedia:
411 2769 598 2824 scindimus
670 2787 790 2841 genas,
808 2769 839 2823 id
857 2774 900 2825 est
913 2771 1039 2825 Hecuba’
1060 2772 1148 2842 (hae-

137 2859 223 2899 caue
250 2843 378 2912 Lavant.)
408 2840 483 2894 ‘filia
511 2840 617 2895 Cissei’
652 2841 807 2911 (scaeiius
825 2841 954 2912 Lavant.)
986 2843 1149 2897 Scaeuum

136 2915 331 2979 Memorem,
364 2913 398 2966 de
426 2929 481 2980 quo
509 2911 569 2982 ipse
597 2913 771 2983 cogitabam,
802 2913 839 2968 M.
867 2913 996 2967 Hertzius
1024 2914 1148 2984 agnovit.

138 2985 265 3040 Troades
281 2983 406 3053 captivas
421 2999 520 3050 canere
535 2983 683 3038 adnotavit
696 3003 726 3040 x:
742 2985 776 3040 cf.
791 2983 885 3054 Eurip.
900 2985 1017 3038 Hecuba
1026 2991 1078 3039 905
1089 3003 1148 3054 sqq.

139 3058 263 3112 Senecae
282 3055 404 3108 Troades
424 3047 492 3108 1235
503 3072 542 3123 sq.

213 3171 384 3240 Anapocstos
402 3171 514 3240 concoct
530 3187 551 3224 a
606 3176 619 3222 1
640 3173 717 3223 atras
732 3173 843 3240 puluere
861 3189 895 3226 sc.
915 3173 1015 3239 infuso,
1035 3174 1111 3226 lacta
1126 3179 1151 3226 et

140 3243 246 3298 inducie
264 3243 398 3296 diatmaro
423 3242 576 3311 squalidus:
603 3243 710 3294 atratas
733 3243 764 3296 ia
788 3245 858 3296 tam.
882 3245 964 3296 iamt.
988 3244 1069 3297 initio
1087 3244 1151 3298 olim

142 3315 308 3369 coniecerant
326 3327 422 3380 aspras
440 3330 461 3366 a
533 3311 591 3364 acri
608 3313 719 3366 tenum
738 3315 885 3385 Perottus:
904 3315 939 3380 cf.
959 3315 1049 3368 coroll.
1063 3313 1151 3367 LXIV

196 3384 339 3453 planctus,
358 3399 425 3438 corr.
445 3400 479 3438 ex
496 3381 644 3451 palanctus
664 3384 783 3438 Mouet.
856 3390 871 3436 2
891 3383 979 3438 Cissei
996 3402 1017 3439 o
1035 3383 1151 3438 chisseis

142 3456 261 3511 Laconi.
282 3453 383 3508 Cisseis
402 3453 512 3507 Kailios
797 3471 799 3474 ·
924 3476 926 3480 ·
