2624 3888
534 155 564 209 L.
584 154 710 208 Acervs
1062 153 1130 218 241'

583 322 668 380 XVII

105 481 113 492 .
140 479 146 490 .
171 425 351 513 Phrygiam
374 423 447 488 mi'ti
470 445 559 488 more
583 445 663 508 esse,
687 423 793 487 animo
813 422 934 488 inmani
954 419 1119 486 Graeciam
1130 440 1184 488 560

187 547 394 643 Non.’323‚15
424 544 582 598 ‘immane
609 561 719 597 rursum
746 543 860 597 minime
882 544 999 612 bonum,
1029 546 1057 597 et
1079 561 1130 598 no-

107 635 182 673 cens
790 643 791 646 =

189 725 236 780 Sic
253 743 274 779 a
327 723 390 776 miti
409 721 495 792 (mitti
511 723 550 790 B)
568 738 645 775 more
660 721 760 776 BGH
765 722 774 753 ¹
790 721 901 776 mitiore
915 721 942 774 L
960 720 1067 774 minore
1082 721 1131 774 11²

108 796 254 850 minorem
281 795 320 850 W
392 809 466 848 esses
495 795 583 863 (exses
612 794 649 862 B)
678 792 832 847 aminmani
859 791 1004 863 (amimani
1033 792 1136 846 GLW

70 909 73 914 .
110 867 243 922 animam
261 867 296 920 H
315 868 346 920 ia
363 868 429 934 ras.)
449 885 470 918 ω
541 863 682 917 mitiorem
703 879 763 917 esse
782 863 898 917 immani
917 863 1036 918 Graecia
1054 864 1129 918 Mer-

110 956 196 994 cerus
219 954 279 991 esse
302 935 443 990 mitiorem
466 935 483 989 i.
509 934 540 989 G.
561 935 740 990 Hermurmus
811 935 902 1006 ipsam
925 934 968 990 Fr.
989 933 1130 988 mitiorem

109 1026 178 1064 esse
208 1008 253 1062 aio
281 1007 398 1061 immani
421 1005 539 1062 Graecia
566 1008 737 1061 conlocaram.
774 1006 907 1075 Frygiam
929 1005 1057 1059 inmitem
1079 1005 1130 1058 mi-

110 1081 221 1134 tiorem
244 1095 303 1132 esse
326 1078 417 1148 ipsam
440 1077 458 1132 i.
483 1077 515 1131 G.
540 1077 601 1131 Bae
624 1077 686 1131 Phr.
710 1076 821 1131 mitiore
845 1093 920 1131 more
939 1093 1012 1145 esse,
1037 1077 1130 1130 anima

111 1152 133 1206 i.
155 1151 189 1206 G.
213 1151 316 1206 Oaa'oas

574 1227 677 1285 XVIII

536 1335 717 1402 Philocteta

114 1447 196 1511 Pari
220 1447 366 1533 dyspari,
387 1447 494 1531 dispar
517 1445 543 1509 si
564 1466 647 1508 esses
665 1444 741 1530 tibi,
764 1445 823 1530 ego
842 1465 927 1507 nunc
946 1465 1011 1507 non
1030 1445 1132 1506 essem

760 1572 865 1614 mrser.

193 1673 384 1739 Quintilianus
399 1672 424 1726 V
440 1677 485 1740 10,
501 1677 535 1725 84
560 1673 674 1725 ‘causas
697 1688 754 1726 non
777 1670 874 1739 utique
896 1671 932 1724 ab
951 1669 1051 1724 ultimo
1071 1687 1131 1724 esse

117 1745 394 1871 Ezffiesseffiarsfiarlrltffls.
410 1743 600 1882 diglorsslltlrgteta:
621 1742 700 1796 Pari'
717 1759 740 1797 e.
756 1760 781 1810 q.
797 1760 817 1796 s.
846 1741 931 1796 Accio
950 1759 1013 1796 cum
1032 1741 1131 1796 ceteris

193 1922 259 1994 Pari
278 1920 399 1992 dyspari,
419 1920 514 1990 dispar
532 1919 556 1975 si
574 1928 606 1976 at
619 1921 847 1988 Schaeidewr'saus,
865 1921 914 1990 qai
931 1927 1022 1976 tamea
1039 1919 1063 1972 si
1081 1936 1133 1974 om.

118 1993 198 2064 (Pari
212 1993 326 2063 dyspari
339 1995 396 2048 iam
405 1993 596 2062 Burmarurus)
606 1991 702 2047 Paridi
715 1991 740 2045 si
754 2008 806 2061 par
815 1993 899 2047 Bera.
910 1993 1007 2047 Bamb.
1022 1990 1132 2046 Paridis

121 2065 205 2135 inpar
223 2066 316 2120 Ambr,
336 2065 434 2118 Bamb.
453 2069 519 2117 Μ
543 2062 608 2116 Pari
631 2063 727 2132 dispar
745 2085 767 2132 φ
791 2062 815 2116 si
833 2063 915 2132 inpar
933 2079 1008 2118 esses
1028 2062 1135 2134 (Paridi

122 2137 450 2207 Qac'atr'lc'aaotrc'buerat
468 2134 576 2204 Delrr'c)
595 2135 714 2189 Bcwacll
733 2135 757 2188 si
774 2152 826 2210 par
845 2151 920 2189 esses
939 2135 1001 2189 Bae

592 2285 662 2342 XIX

539 2393 722 2458 Philocteta

167 2503 253 2568 Heu!
278 2503 337 2587 qur'
357 2502 449 2566 salsis
472 2500 624 2565 fluctibus
647 2500 777 2564 mandet

167 2609 220 2674 Me
244 2632 283 2673 ex
306 2609 444 2673 sublimo
468 2606 589 2672 uertice
612 2608 703 2671 saxi?

167 2716 237 2781 Iam
260 2716 324 2779 iam
346 2714 510 2778 absumor:
534 2713 666 2778 conficit
689 2714 827 2779 animam

212 2821 272 2886 Vis
294 2821 449 2906 uolneris,
471 2820 587 2884 ulceris
610 2823 725 2884 ae‘stus.

195 2942 291 2998 Cicero
311 2942 390 2996 Tusc.
411 2941 482 3010 disp.
497 2942 523 2995 Π
538 2949 562 3012 7,
579 2948 611 2996 19
630 2941 705 3013 (vide
723 2941 780 3010 XI).

196 3056 212 3102 2
232 3048 346 3102 sublimi
365 3050 430 3120 Req.
449 3055 516 3104 Μ

603 3129 657 3187 ΧΧ

130 3230 194 3296 Sub
218 3231 277 3295 axe
299 3230 405 3315 posita
427 3229 468 3293 ad
490 3230 598 3294 stellas
621 3233 757 3314 septem,
779 3229 863 3292 unde
886 3228 1024 3293 horrifer

129 3336 290 3422 Aquiloni'
313 3337 432 3401 stridor
454 3335 576 3422 gelidas
598 3335 732 3400 moliuir
753 3335 854 3400 niues.

198 3457 293 3512 Cicero
312 3457 392 3512 Tusc.
411 3457 480 3527 disp.
496 3458 565 3526 128,
581 3462 614 3510 69
636 3457 711 3510 ‘tum
729 3455 845 3526 globum
863 3459 954 3511 terrae
1026 3457 1135 3512 duabus
1192 3459 1194 3464 '

129 3531 181 3586 oris
205 3528 377 3583 distantibus
400 3528 587 3583 habitabilem
605 3530 634 3583 ct
652 3529 772 3597 cultum,
793 3545 911 3598 quarum
930 3528 1032 3600 altera,
1051 3546 1136 3598 quam

179 3628 258 3670 scaen.
272 3638 334 3676 poss.
348 3628 412 3670 Rom.
426 3629 508 3679 fragm.
522 3629 556 3670 ed.
570 3628 686 3670 Rraaucx.
943 3624 975 3672 16
