2630 3886
299 131 349 184 EX
366 130 534 186 INCERTIS
552 131 792 186 INOERTORVM
809 133 961 189 FABVLIS
1069 135 1134 200 303

123 307 253 346 accuses:
272 290 421 344 nonenim
439 290 539 360 parui
558 291 679 346 auditu
698 291 909 348 aestimabit.
930 293 982 346 sin
1000 293 1135 348 inuere·
1173 307 1175 310 ·

124 362 270 416 cundum
294 362 400 416 animi
423 361 600 431 ingenium
621 363 791 432 possidet,
813 367 909 417 tamen
929 381 1054 420 accuses:
1078 383 1136 419 non

123 433 200 486 enim
217 433 322 502 probus
341 435 403 488 est’
437 433 525 486 Iulius
537 432 635 488 Victor
653 433 683 486 in
700 433 783 488 rhett.
803 435 877 489 Latt.
895 453 922 504 p.
938 441 990 488 414
1004 436 1037 490 Η,
1059 437 1135 490 ‘con-

123 503 255 558 uersione
272 504 326 558 hoc
344 505 441 559 modo:
461 505 575 576 [2-4].’
610 505 747 558 Secuntur
765 505 863 558 eadem
881 505 939 559 fere
958 506 1044 560 verbe
1062 523 1134 574 quae

123 575 201 645 apud
229 574 391 629 Ciceronem
417 575 557 644 leguntur.
593 575 755 629 Victorinus
783 576 892 646 explan.
915 595 943 646 p.
963 583 1027 646 253,
1048 584 1081 630 12
1099 578 1133 632 H.

124 647 170 700 ‘si
188 649 342 714 ueretur‚
362 645 444 714 quid
463 663 601 700 accuses
616 646 673 714 qui
687 647 812 716 probus
827 648 897 702 est?
916 647 944 701 si
958 665 1023 702 non
1038 665 1133 702 uere-

121 721 191 786 tur,
211 717 293 784 quid
308 733 447 770 accuses
461 716 520 785 qui
533 716 568 770 id
581 717 681 786 parui
695 717 817 772 auditu
832 718 1027 774 aestimat?’
1039 735 1062 774 e.
1073 737 1099 788 q.
1113 738 1132 773 s.

197 829 211 876 1
233 839 319 876 cessa
342 839 470 876 accusem
493 840 607 877 causam
628 825 711 880 Hert.
732 825 798 879 Par.
817 831 881 879 nl
909 842 1038 879 accusem
1060 826 1133 879 hunc

122 910 233 962 nequeo
251 910 361 948 mecum
379 893 410 947 id
423 896 543 950 Barnb.b
557 897 589 948 r'n
601 913 652 966 my.
707 912 815 964 nequeo
831 941 836 951 .
849 940 853 950 .
867 940 871 950 .
887 913 944 963 qua
965 913 986 951 c.
1007 914 1031 951 a.
1051 897 1133 965 hunc,

124 965 285 1034 exputando
309 964 440 1018 euoluere
462 967 526 1020 otim
548 967 624 1020 edidi
700 972 715 1019 2
735 983 863 1020 accusem
885 969 953 1022 Par.
970 986 1004 1022 rn.
1021 974 1037 1021 2
1057 968 1133 1023 Ocrb.

123 1037 223 1090 Bamb.
243 1037 323 1090 Leid.
342 1039 380 1090 cd
398 1037 465 1091 Her.
519 1043 536 1088 4
554 1039 649 1090 autem
667 1055 717 1091 om.
736 1038 820 1092 Rern.
842 1039 917 1093 Corb.
937 1040 1035 1094 Bamb.
1054 1039 1132 1094 Leid.

122 1108 247 1162 Darnet.
267 1109 305 1162 ad
323 1107 403 1175 Her„
423 1109 455 1162 de
473 1109 541 1176 ine,
560 1109 653 1164 Iniins
672 1109 763 1163 Victor
832 1126 959 1163 accusem
978 1111 1044 1165 Par.
1063 1128 1098 1165 n.
1118 1117 1133 1162 2

125 1179 203 1234 Cort.
231 1178 329 1233 chb.
358 1179 437 1232 Leid.
465 1179 588 1233 Dcrrnst.
613 1181 651 1232 cd
673 1179 740 1233 Her.
814 1179 914 1233 auditu
936 1181 1035 1236 Banrb.
1054 1182 1133 1236 Leid.

122 1249 247 1304 Dnrmct.
276 1251 314 1304 ad
336 1249 416 1316 Her,
445 1251 478 1304 de
504 1251 559 1303 inc.
633 1248 774 1304 existimes
803 1251 916 1319 Herbip,
946 1251 1088 1305 existimet
1111 1273 1132 1321 φ

122 1321 161 1375 cd
179 1320 247 1374 Her.

576 1399 687 1458 XOVII

122 1499 220 1566 Nunc
243 1501 303 1585 ego
326 1503 358 1563 te
382 1499 422 1564 ab
446 1501 571 1564 summo
594 1501 658 1564 idm
683 1500 829 1564 detexam
852 1501 992 1566 exordio.

195 1620 278 1674 Rhet.
298 1621 335 1674 ad
352 1621 471 1675 Herenn.
490 1621 510 1676 1.
530 1639 613 1690 supra
631 1621 649 1676 l.

196 1727 326 1780 detexam
345 1727 442 1782 ordine
460 1727 574 1782 exordio
593 1730 691 1785 Bamt.
707 1731 723 1785 b
740 1747 774 1783 rn.
790 1747 835 1799 pr.

567 1862 693 1922 XCVIH

121 1959 237 2026 Axe'na
254 1961 353 2026 Ponti
370 1984 427 2046 per
445 1963 528 2026 freta
544 1961 680 2028 Colchos
699 1963 835 2048 denique
855 1963 978 2028 deletus
997 1963 1133 2029 adhaesi.

197 2081 422 2138 xcvm.xc1x
446 2082 488 2137 De
510 2086 589 2138 metr.
614 2084 689 2139 OGL.
708 2085 748 2139 VI
766 2090 818 2138 614
836 2084 868 2138 Κ.
908 2083 1133 2154 ‘Aristophanius

124 2156 296 2234 anapaestus
329 2152 464 2226 [XCVIII]
498 2154 599 2224 recipit
629 2157 716 2236 pedes
748 2159 946 2223 quaternorum
977 2159 1134 2226 temporum

123 2223 451 2367 censentem
465 2226 1133 2366 111111111ῐῖἓῇ11ξέ1111111

125 2382 179 2434 que
204 2366 361 2436 exemplum
385 2367 534 2420 confictum
553 2383 613 2420 esse
632 2367 756 2422 decrevit
773 2385 804 2436 X,
826 2367 875 2420 sed
894 2367 927 2421 cf.
946 2367 1031 2421 Ennii
1049 2387 1074 2422 v.
1090 2375 1131 2422 71.

123 2436 206 2490 Prius
220 2437 303 2491 Medo
318 2436 435 2490 Pacuvii
453 2436 554 2491 tribuit
567 2437 739 2507 Welckerus,
758 2455 809 2492 nec
829 2438 948 2492 alterum
965 2441 1015 2492 aut
1028 2439 1065 2492 ab
1079 2439 1133 2492 hac

123 2507 224 2562 fabula
240 2511 291 2562 aut
305 2508 341 2562 ab
350 2507 429 2562 Accii
439 2509 604 2562 Prometheo
615 2509 658 2578 (cf.
669 2509 802 2578 Aeschyli
813 2527 838 2562 v.
850 2511 894 2579 91)
904 2507 1027 2563 alienum
1036 2509 1131 2564 hebui.

578 2640 673 2701 XCIX

124 2739 188 2806 Ore
215 2740 310 2806 beato
338 2741 459 2806 lumine
486 2741 640 2828 uolitans,
668 2743 724 2826 qui
751 2744 809 2826 per
836 2742 957 2806 caelum
981 2742 1133 2807 candidus

761 2851 898 2934 equitas!

196 2968 258 3037 Ore,
277 2970 295 3024 r'.
315 2986 336 3024 e.
355 2970 456 3039 Apollo
470 2991 491 3024 ω
511 2973 570 3024 orte
584 2971 782 3026 Lachmannns
801 2970 875 3025 clare
889 2972 962 3026 Bne:
981 2978 1049 3026 recte
1062 2972 1133 3026 iden

122 3042 193 3097 coni.
213 3039 351 3096 Ciceronis
367 3045 448 3096 Aret.
465 3046 516 3095 180
535 3041 659 3096 uolitans
678 3045 715 3097 od
733 3043 919 3098 antecedentia
936 3044 1070 3098 recocarn't

616 3173 638 3233 O

122 3326 130 3339 .
170 3326 177 3339 .
215 3327 221 3338 .
259 3275 414 3339 odomus
436 3275 583 3360 entique,
605 3273 669 3338 heu
693 3297 789 3359 quam
813 3274 932 3360 dispari

121 3381 297 3446 Dominire
321 3381 464 3446 domino!
1134 3399 1184 3448 185

198 3502 294 3556 Cicero
323 3503 357 3556 de
386 3501 430 3557 off.
452 3503 531 3574 Iso,
548 3509 598 3558 139
629 3503 727 3558 ‘aliter
757 3503 851 3574 ampla
878 3505 976 3559 domus
1004 3504 1133 3559 dedecori
