2590 3890
163 175 209 238 44
579 173 609 238 Q.
628 173 764 227 ENNIVS

165 337 264 406 quibus
287 351 323 388 au
343 349 392 388 ens
411 334 446 388 A.
466 333 625 404 Speupelius
648 329 760 402 agitans
785 332 920 387 Vudleuus
938 331 996 386 iud.
1016 331 1084 384 lectt.
1105 333 1175 383 1880

161 424 191 476 p.
213 411 245 458 13
276 352 373 460 steffes
401 421 504 475 cogens
532 403 653 458 sublime
680 402 767 456 etium
792 419 816 457 e.
841 419 864 458 e.
887 420 914 456 n.
933 401 952 456 i.
981 400 1115 472 &slipen
1143 402 1176 454 iu

166 479 264 548 pedus
278 476 376 530 stelles
391 478 441 531 del.
456 477 643 544 Hermodorus,
659 491 760 544 cogens
774 481 838 530 aute
851 473 906 528 iter
919 480 1022 544 trunsp.
1038 473 1177 543 Berpkius

166 549 210 616 (ef.
234 549 324 603 coroll.
343 547 430 616 XXV)
454 547 593 601 sublimen
617 562 703 616 agens
722 546 784 600 Rue
856 561 957 614 cogens
975 545 1054 599 dubet
1072 543 1175 598 Seneca

167 620 219 686 Hf.
236 625 287 673 128
340 617 467 673 4noetis
486 621 536 674 del.
555 636 576 674 x

652 715 683 772 Π
773 747 774 750 ,

591 813 791 902 Agamemno

327 922 480 986 Procede:
502 922 638 1008 gradum
660 922 804 1006 profdrre
827 921 957 1005 pedum,

326 1027 453 1112 Nite‘re,
475 1049 591 1112 cessas,
614 1050 633 1092 o
655 1027 721 1092 fi‘de
740 1079 747 1092 .
767 1028 809 1092 .?

239 1141 338 1194 Festus
357 1159 383 1210 p.
404 1145 455 1194 249
469 1140 506 1194 M.
529 1141 665 1209 ‘pedum
684 1141 727 1194 est
745 1139 859 1208 quidem
874 1138 1008 1192 beeulnm
1020 1137 1178 1206 incursum,

168 1228 224 1280 quo
250 1214 378 1280 pastores
405 1213 574 1265 utuntur-
593 1244 628 1252 —
646 1243 682 1250 -
705 1211 755 1265 sed
777 1210 807 1264 in
829 1227 862 1264 eo
885 1226 980 1278 uersu,
1009 1207 1059 1277 qui
1080 1211 1124 1262 est
1147 1209 1179 1262 in

145 1289 147 1296 ’
168 1281 317 1352 Iphigenia
330 1281 416 1338 Enni:
435 1283 582 1352 procede
600 1301 626 1352 g.
645 1301 673 1352 p.
691 1297 718 1352 p.
738 1300 765 1336 n.
784 1289 917 1335 cesses?
936 1280 966 1333 id
984 1279 1077 1349 ipsum
1090 1279 1179 1334 baou-

169 1353 230 1406 lum
249 1351 403 1422 significari
422 1369 485 1406 eum
503 1353 545 1406 eit
554 1352 682 1421 Verrius,
700 1352 797 1406 mireri
815 1351 884 1406 setis
902 1368 959 1406 non
972 1368 1095 1420 possum,
1115 1368 1181 1404 eum

170 1424 208 1478 sit
232 1424 301 1478 ordo
318 1423 399 1492 telis,
423 1427 452 1478 et
469 1440 520 1493 per
538 1439 601 1477 eum
620 1423 789 1494 significatio
808 1425 918 1492 aperte,
942 1422 1083 1492 gradum
1100 1437 1181 1492 pro-

169 1495 259 1550 ferre
276 1495 399 1564 pedum
417 1503 549 1549 cesses?
567 1493 700 1550 nitere!
739 1493 829 1548 Sehol.
849 1494 949 1548 Veron.
969 1491 1000 1546 in
1013 1493 1097 1562 Verg.
1117 1493 1178 1548 Eel.

169 1572 200 1636 6,
220 1570 253 1620 88
281 1585 308 1636 p.
330 1572 362 1619 72
385 1566 418 1620 K.
462 1565 669 1634 ‘pedum...
689 1567 733 1619 est
763 1564 896 1618 beenlum
927 1581 1089 1632 recuruum,
1122 1581 1180 1632 quo

168 1640 296 1707 pastores
315 1639 432 1690 utuntur
447 1679 453 1691 .
466 1681 488 1692 ..
504 1639 537 1689 ut
555 1635 596 1690 eit
610 1635 716 1690 Ennius
732 1635 763 1688 in
776 1635 904 1704 lfigenie:
922 1635 1042 1704 gradum
1057 1678 1062 1688 .
1075 1678 1098 1689 ..
1114 1635 1178 1690 fide.

170 1708 285 1780 dioi[tur
298 1708 429 1831 pedumlJ'
450 1724 473 1762 e.
488 1725 514 1775 q.
531 1725 552 1760 s.
570 1709 644 1761 teste
657 1705 781 1760 Amoldo
795 1705 969 1760 Herrmenno
988 1723 1052 1760 ann.
1067 1705 1179 1774 philoll.

171 1785 239 1834 1866
258 1797 285 1848 p,
301 1785 343 1833 66.
381 1777 600 1859 c.Eurip.137
624 1776 683 1832 ἀλλ’
709 1775 754 1830 l'o’
780 1772 899 1846 ἐρέσσων
922 1777 972 1832 σὸν
992 1774 1082 1846 πόδα,
1106 1776 1181 1851 γήρᾳ

169 1849 271 1919 Μηδὲν
303 1847 434 1904 ὑπείκων.
477 1849 572 1904 O1eero
600 1848 680 1902 Tuso.
703 1848 743 1901 ΙΠ
766 1853 813 1916 24,
836 1853 870 1900 57
902 1847 946 1900 his
981 1847 1032 1900 ‘de
1059 1865 1182 1917 peuper-

169 1923 230 1974 tute
262 1919 357 1990 egitur
376 1965 381 1974 .
402 1964 407 1975 .
429 1964 434 1974 .
455 1964 460 1975 .
479 1936 531 1973 nee
564 1917 662 1972 siletur
692 1918 783 1971 illud
813 1917 1054 1986 potentissimi
1085 1919 1181 1987 regis

170 1993 409 2060 anapaestum,
438 1989 495 2058 qui
522 1989 643 2043 laudet
672 2005 783 2042 senem
807 1991 841 2042 et
864 1989 1081 2042 fortunatum
1105 2006 1183 2044 esse

170 2061 272 2128 dicit,
296 2062 386 2129 quod
408 2059 581 2131 inglorius
605 2059 652 2113 sit
674 2062 776 2127 atque
800 2059 969 2129 ignobilis
993 2059 1035 2113 ed
1061 2077 1183 2130 supre-

170 2150 257 2186 mum
285 2131 374 2185 diem
400 2131 647 2201 peruenturus’
677 2133 771 2184 utrum
798 2129 961 2198 Euripidem
988 2133 1116 2201 (ldsqq.)
1145 2149 1184 2186 an

172 2202 294 2256 Ennium
312 2201 342 2255 in
360 2205 454 2256 mente
472 2201 604 2256 habuerit
620 2200 759 2255 incertum
777 2203 828 2255 est.

155 2331 157 2336 ·
243 2307 304 2370 lsq.
323 2300 439 2370 pedum,
462 2298 572 2368 Nitere‚
597 2305 707 2352 sesses?
735 2315 796 2352 eum
819 2297 900 2352 Festo
924 2297 1117 2354 Hermodorus:
1146 2302 1182 2369 ef.

176 2373 315 2428 Votienus
333 2373 350 2426 l.
370 2373 386 2426 l.
407 2377 448 2425 16.
478 2369 569 2424 nitere
587 2371 625 2424 ad
641 2367 765 2438 proferre
783 2370 847 2424 olim
864 2370 959 2423 reduld
977 2371 1077 2438 (eorod.
1092 2369 1185 2440 XXV)

226 2449 241 2498 2
261 2459 277 2496 o
295 2442 350 2496 fide
368 2444 448 2498 schol.
470 2443 575 2510 Veron,
594 2457 644 2496 om.
665 2440 763 2495 Festus
817 2454 901 2492 senex
919 2441 1030 2495 addidit
1043 2441 1186 2512 Berytius

651 2572 698 2630 III

612 2671 736 2737 Chorus

214 2782 299 2847 'Otio
324 2783 380 2867 qui
402 2782 504 2846 ne'seit
526 2781 589 2866 uti,
611 2779 684 2864 plris
707 2777 818 2864 negoti
840 2775 951 2861 hebet,
1067 2786 1069 2790 ’

172 2889 275 2966 Quom
299 2889 327 2952 si
350 2888 433 2951 ouist
446 2887 641 2972 ‘negotiosus
664 2883 790 2947 dnimus
812 2882 847 2946 in
869 2883 1009 2968 negdtio.

119 3009 169 3058 185
179 2994 265 3060 Nom
289 2993 340 3057 oui
364 2993 449 3076 quod
472 2995 547 3078 eget
569 2990 787 3054 institutumst
809 2988 906 3052 militi
929 2990 1097 3074 negotium

170 3100 218 3166 'Id
242 3099 323 3186 egit,
346 3099 380 3162 id
400 3097 520 3182 studet,
543 3097 590 3160 ibi
608 3098 748 3159 mentem
768 3097 863 3177 etque
882 3094 1025 3191 inimum
1044 3095 1187 3166 delectit

807 3221 909 3264 suum.

214 3311 336 3378 'Otioso
360 3308 484 3374 insitio
508 3308 634 3372 enimus
655 3306 758 3371 ne'seit
781 3305 859 3389 quid
880 3305 969 3370 uelit.
1171 3331 1185 3371 ⁵

170 3419 242 3484 Hoc
265 3418 350 3483 idem
374 3419 434 3480 est:
463 3437 513 3479 em
538 3415 641 3499 ne‘que
665 3413 751 3476 domi
773 3431 858 3474 nune
880 3413 940 3476 nos
962 3436 1021 3478 neo
1044 3415 1186 3484 militiee'

808 3538 931 3582 sumus:
