2630 3886
439 112 586 167 OVIDIVS
622 113 832 168 POMPONIVS
1077 113 1140 178 267

418 392 464 474 Ρ.
488 389 697 475 OVIDIVS
721 389 852 476 NASO

565 556 707 614 MEDEA

626 691 641 748 I

582 799 694 864 Medea

130 905 265 972 Serurire
288 906 393 991 potui:
416 906 548 990 pe'rdere
572 928 613 970 an
634 904 769 991 possim,
792 907 909 994 rogas?

200 1036 393 1101 Quintilianus
407 1037 471 1090 VIII
486 1043 514 1105 5,
530 1043 545 1090 6
569 1037 615 1106 (de
638 1036 734 1106 figuris
759 1037 972 1106 sententiarum)
992 1039 1032 1092 ‘et
1049 1041 1140 1092 trans·

128 1107 237 1162 latione
256 1124 274 1162 a
292 1107 432 1162 communi
450 1107 486 1162 ad
504 1107 655 1177 proprium.
675 1125 741 1162 nam
760 1125 824 1161 enm
842 1108 881 1162 sit
898 1111 1018 1165 neotum:
1041 1125 1140 1163 nocere

128 1177 215 1232 facile
229 1181 281 1244 est,
299 1179 433 1248 prodesse
448 1178 576 1233 difficile:
596 1179 789 1232 uehementius
805 1179 880 1248 apud
895 1179 1028 1233 Ouidium
1041 1181 1141 1234 Medea

130 1249 202 1303 dicit
217 1291 223 1302 .
239 1294 244 1302 .
262 1251 278 1303 .'

200 1364 293 1432 possis
313 1366 424 1420 Moneo.
445 1366 542 1420 Rama
562 1372 627 1420 ιιι

622 1498 653 1555 Π

172 1597 274 1662 Feror
298 1597 361 1662 hue
384 1597 474 1683 illue,
497 1620 570 1684 uae,
592 1599 688 1682 ple'ua
710 1599 778 1664 deo.

198 1729 304 1783 Seneca
320 1728 430 1783 Suasor.
445 1735 470 1795 3,
487 1736 501 1782 7
516 1729 552 1783 M.
575 1729 643 1783 ‘hoo
662 1729 769 1782 autem’
790 1728 905 1798 (plena
924 1730 997 1798 deo)
1016 1729 1146 1784 ‘dicebat

126 1799 221 1855 Gallio
239 1799 348 1853 Nasoni
371 1815 421 1853 suo
444 1799 529 1854 ualde
551 1799 706 1869 placuisse:
730 1799 827 1867 itaque
846 1799 946 1854 fecisse
965 1800 1046 1854 illum
1064 1801 1141 1869 quod

125 1871 157 1925 in
175 1869 272 1924 multis
291 1869 355 1924 aliis
373 1869 500 1924 uersibus
515 1870 634 1952 Vergilii
650 1871 763 1940 fecerat
781 1888 838 1924 non
853 1871 1032 1954 subripiendi
1047 1888 1140 1941 eausa,

126 1943 177 1997 sed
195 1941 291 2011 palam
310 1941 449 2010 imitandi,
471 1941 524 1995 hoo
544 1941 637 1996 animo
658 1945 690 1996 ut
708 1914 797 1996 uellet
815 1942 943 2012 agnosci.
967 1959 1027 1997 esse
1047 1917 1142 1998 auteni

126 2013 158 2068 in
175 2011 324 2082 tragoedia
342 2013 416 2068 eius.
437 2013 521 2066 feror'
542 2029 565 2067 e.
585 2031 612 2081 q.
632 2031 653 2066 s.

198 2145 252 2182 uae
281 2130 379 2198 seipsi
403 2145 470 2182 mus
496 2129 585 2184 Rhea.
604 2128 681 2182 XXX
700 2134 751 2182 627
779 2145 815 2182 ue
838 2150 859 2182 ω
883 2146 934 2183 eeu
957 2131 1088 2187 Wissowa
1111 2135 1143 2184 ut

127 2202 200 2271 vulo.
255 2198 340 2268 plane
359 2199 485 2254 Bruoeell.
506 2205 571 2253 m.1

303 2443 347 2527 P.
371 2441 669 2528 POMPONIVS
700 2441 969 2528 SECVNDVS

195 2609 343 2664 Aeneam
369 2607 443 2661 inter
468 2610 642 2677 praetextas,
670 2607 844 2662 Armorum
873 2607 1044 2662 iudicium
1067 2609 1143 2663 inter

125 2678 314 2736 Bononiensis
333 2679 480 2733 Atellanas
499 2679 620 2748 reposui.

556 2847 713 2906 ATRDVS

663 2989 748 3032 nune
771 2971 803 3032 te
827 2967 973 3052 obsecro,

130 3074 275 3158 Stirpem
298 3077 336 3136 ut
359 3075 490 3139 οιιοΙιιιι
513 3094 658 3138 meorum
681 3074 837 3158 <me>que
860 3074 1007 3140 notifiees
1029 3075 1118 3140 mihi.

197 3205 271 3260 Non.
291 3209 352 3271 144
368 3209 401 3258 24
418 3202 624 3273 ‘notificem
641 3205 740 3258 notum
753 3203 876 3257 faciam’
897 3203 1053 3284 Singulere
1068 3204 1143 3273 apud

126 3275 254 3330 Nonium
281 3274 316 3328 de
344 3247 452 3356 tragico
475 3277 560 3344 poeta
583 3248 736 3344 Pomponio
760 3273 953 3328 testimonium
977 3290 1050 3343 esse,
1079 3291 1143 3329 oum

125 3346 229 3402 ceteris
247 3344 318 3400 loeis
337 3345 466 3400 omnibus
484 3345 680 3400 Atellanarum
698 3345 817 3414 scriptor
834 3345 975 3414 laudetur,
993 3361 1051 3399 non
1069 3345 1144 3416 fugit

125 3418 229 3472 Bernh
249 3415 448 3485 Schmidtium3
467 3420 497 3471 et
514 3433 596 3486 posse
614 3416 732 3470 Atreum
750 3432 861 3485 quoque
875 3415 1038 3470 Atellanam
1055 3415 1143 3472 fuisse

127 3488 240 3544 monuit
263 3487 301 3541 M
320 3488 463 3545 Hortalus.
487 3505 581 3556 aquo
600 3490 696 3542 tamen
713 3503 814 3557 genere
833 3487 910 3540 ooIor
927 3486 1011 3541 huius
1029 3487 1143 3543 frustuli
