2630 3886
310 101 360 162 EX
377 99 544 156 insaniis
563 100 804 154 INOIIRTORVM
821 101 974 154 FABVLIS
1083 101 1146 164 311

591 268 699 328 GXXH

508 370 662 434 insulatas
684 371 807 434 hostias
1149 396 1201 444 220

137 478 212 544 Non
235 479 321 562 lana,
344 477 399 541 sed
421 477 543 541 uetitas
565 477 732 541 frondenti
751 499 842 541 ooma

210 598 315 654 CXXII.
331 597 442 652 CXXIII
455 598 544 652 Varro
560 598 594 652 de
608 598 627 652 l.
641 597 660 651 l.
674 594 726 651 VH
740 603 775 650 24
795 597 980 652 ‘insulatas
999 599 1147 668 hostias,

137 671 215 740 quod
239 669 400 724 uelamenta
422 669 467 723 his
491 687 506 722 e
529 669 595 723 lana
619 686 691 738 quae
714 669 869 738 adduntur,
897 669 1013 726 intilae.
1050 669 1147 739 itaque

137 745 199 796 tum
231 742 319 809 quod
346 741 387 806 ad
416 741 608 810 sepulcrum
634 741 752 794 ferunt
778 741 933 794 frondem
960 758 997 794 ao
1024 741 1147 812 flores,

138 811 264 868 addidit:
288 829 352 866 non
375 811 470 866 lana'
491 829 513 866 e.
534 830 559 880 q.
580 830 601 866 s.
639 812 792 884 noxxm]
816 811 908 865 disere
931 815 1049 881 apparet
1075 830 1148 867 oor-

137 887 277 938 nuatam
301 883 474 938 aeornibus.
512 899 617 937 cornua
636 901 653 937 a
672 900 788 937 curuore
807 882 897 952 diota,
920 883 996 951 quod
1013 884 1148 953 pleraque

138 955 244 1010 ourna’
278 955 311 1008 In
328 954 359 1008 fr.
380 953 477 1008 CXXII
496 953 622 1008 Orestem
640 951 781 1027 intellego*
793 953 843 1022 qui
861 953 949 1024 patris
971 955 1149 1024 sepulohmm

138 1026 197 1080 suis
216 1025 351 1080 cincinnis
371 1025 493 1081 ornavit:
513 1025 547 1079 of.
565 1025 648 1094 Soph.
663 1025 766 1080 Electr.
781 1030 834 1078 894
844 1041 904 1094 sqq.
932 1025 1022 1079 Versu
1037 1026 1149 1082 CXXIII

139 1097 321 1152 0.Mue11er0
340 1095 489 1150 videbatur
504 1095 625 1150 Graecus
644 1096 691 1150 hio
708 1095 835 1150 redditus
853 1113 926 1151 esse:
941 1094 1029 1160 naas
1043 1097 1149 1163 σκιάζει

137 1178 213 1224 νῶτα
226 1165 353 1239 Λημνίας
372 1167 436 1240 βοός
450 1167 541 1237 (Greg.
558 1167 637 1236 Cypr.
652 1169 666 1220 I
680 1173 713 1222 '13
731 1167 860 1224 Leutsoh.
881 1167 915 1221 ef.
930 1167 985 1222 vol.
1000 1170 1026 1224 II
1039 1188 1065 1239 p.
1077 1171 1148 1240 100).

210 1281 272 1346 laq.
300 1277 340 1329 sio
362 1277 492 1330 constitui
513 1276 603 1330 ooooII.
623 1291 687 1329 eom.
708 1273 830 1344 CXXXI,
855 1274 988 1344 agrestis,
1011 1273 1147 1329 insulatas

137 1345 255 1414 hostias,
273 1345 445 1414 Nonianus,
464 1346 513 1400 sed
531 1363 557 1400 u.
573 1345 729 1399 frondentis
744 1361 838 1399 eomas
853 1347 989 1416 Berytins
1043 1345 1148 1400 afron-

139 1415 232 1470 dentis
253 1433 346 1470 eomas
366 1438 387 1470 ω
629 1447 632 1456 2

582 1495 706 1554 CXXIII

137 1595 261 1681 (Atos)
285 1597 319 1660 in
342 1597 528 1660 oomuitam
550 1600 680 1660 taurum
703 1595 851 1660 umbrim
874 1597 959 1661 iaeIt.

209 1717 239 1770 in
257 1720 422 1772 oornuatam
439 1720 552 1772 tauram
572 1719 601 1772 O.
622 1718 775 1773 Muellerus
793 1734 897 1771 cornua
915 1721 1027 1772 taurum
1045 1729 1068 1787 ψ
1088 1734 1148 1772 oor·
1194 1765 1196 1769 .

138 1805 196 1842 nna
215 1792 360 1842 taurorum
379 1785 445 1844 Por.
461 1808 479 1844 o
532 1789 589 1843 iaci
608 1809 630 1842 ω
959 1799 961 1804 “
1146 1786 1151 1806 ”’

582 1939 704 1998 CXXIV

138 2039 232 2105 Diem
255 2040 341 2104 hiino
364 2041 512 2105 decorare
534 2041 653 2106 festum
675 2039 882 2128 festinissime
961 2089 962 2092 ,

210 2160 351 2215 Charisius
365 2179 392 2230 p.
409 2166 460 2214 180
473 2161 503 2215 P.
529 2161 782 2216 ‘festinissime
797 2180 815 2218 s
829 2161 932 2216 diem’
949 2180 972 2218 e.
988 2183 1013 2232 q.
1030 2181 1050 2217 s.
1072 2161 1148 2218 ‘nam

137 2235 167 2286 et
189 2231 304 2286 nomina
326 2231 467 2286 interdum
491 2231 635 2301 accidunt,
659 2249 731 2300 quae
753 2249 805 2286 neo
824 2232 986 2288 absolutum
1004 2250 1056 2288 noo
1075 2252 1149 2288 oom-

136 2303 306 2373 perannum,
326 2304 375 2357 sed
393 2305 507 2358 tantum
525 2303 729 2372 superlatiuum
747 2303 860 2358 ferunt’

593 2471 698 2530 OXXV

182 2622 191 2641 .
235 2575 336 2638 firme
359 2573 492 2638 aderant
514 2573 652 2657 aequore
675 2575 709 2637 in
733 2573 799 2637 alto

234 2679 372 2744 Ratibus
394 2680 581 2764 repentibus
618 2731 626 2745 .
663 2732 670 2744 .
927 2719 929 2724 -
1150 2701 1202 2749 aas

145 2789 148 2798 ¹
208 2801 297 2855 Varro
321 2801 356 2855 de
374 2801 392 2857 1.
412 2800 430 2854 l.
450 2800 502 2855 VH
520 2807 554 2855 23
582 2801 686 2855 ‘Pacui
709 2801 774 2873 [ino.
798 2801 855 2858 fab.
874 2801 1012 2875 XLV1H];
1042 2802 1150 2857 dietum

137 2873 241 2926 fretum
265 2873 300 2926 ab
324 2872 510 2926 similitudine
533 2872 668 2927 feruentia
688 2890 779 2942 aquae
794 2915 799 2928 .
817 2919 822 2930 .
839 2918 844 2928 .
859 2873 963 2928 ferme
986 2873 1147 2928 aderant’

138 2961 161 3000 e.
177 2961 203 3012 q.
219 2961 239 2998 s.
270 2944 412 3012 ‘aequor
430 2961 507 2998 mare
526 2943 708 3014 appellatum,
727 2945 803 3013 quod
822 2947 975 3014 aequatum
993 2963 1057 2998 oum
1075 2962 1150 3000 oom-

137 3019 246 3069 motum
264 3017 349 3069 uento
368 3032 425 3068 non
444 3019 494 3069 est.
525 3015 623 3068 Ratis
641 3015 723 3069 nauis
742 3016 842 3086 longas
861 3015 942 3085 dixit,
960 3019 993 3070 ut
1011 3015 1147 3070 Naeuius’

138 3103 161 3140 e.
181 3105 207 3155 q.
227 3105 248 3140 s.

210 3200 223 3246 1
244 3192 302 3246 iam
320 3191 424 3248 ferme?
481 3199 496 3246 2
516 3193 690 3248 Poroeoniooi
706 3196 893 3264 supplemento
911 3193 988 3248 uenti
1005 3196 1047 3250 oei
1065 3194 1149 3248 lentis

134 3267 266 3335 proponit
285 3264 346 3318 Bne
400 3265 598 3319 Henoinetrnm
616 3266 783 3336 dootyIIonn
801 3265 887 3319 ferme
906 3265 1025 3319 aderant
1040 3265 1149 3320 ratibus

137 3334 300 3406 repentibus
330 3351 451 3403 aequore
477 3334 508 3388 in
535 3333 594 3389 alto
622 3343 732 3391 anoton
753 3337 873 3407 Iiberqio
891 3336 984 3390 Ennii
1001 3339 1151 3394 annalibus

138 3410 174 3476 (v.
195 3409 259 3476 602)
282 3408 399 3462 inseruit
421 3408 571 3474 Vannius,
593 3408 661 3475 fort.¹
680 3415 763 3463 neno:
790 3425 856 3462 nom
877 3409 1036 3463 narrationi
1058 3411 1150 3465 minna

137 3479 231 3533 idonei
247 3479 376 3532 oidontno
393 3480 539 3549 omopoooti
1063 3517 1065 3521 -
