2590 3890
512 205 543 271 Q,
562 207 698 263 ENNIVS
1069 209 1112 274 29

100 370 174 424 Tum
191 369 317 439 prolecto
336 367 480 422 uideretur
498 384 515 420 a
533 367 623 423 bonis.
652 370 691 422 At
710 372 784 423 certe
804 369 830 422 ei
848 369 948 423 melius
963 368 1111 438 euenisset,

100 458 154 495 nec
177 443 238 494 tam
259 438 392 494 flebiliter
415 438 466 491 illa
489 442 655 493 canerentur
674 441 791 510 [12-14
806 441 823 493 .'
862 439 973 494 Servius
992 440 1062 496 Dan.
1083 441 1113 494 in

100 513 170 566 Aen.
185 512 260 565 1726
277 509 396 580 ‘legitur
410 510 660 565 etlacuaribus.
687 510 782 565 Cicero
821 511 1111 636 usculanarumstlop’
1138 553 1142 563 .

102 583 199 638 Cicero
213 582 294 637 Tusc.
310 581 380 651 disp.
397 581 437 634 HI
450 587 493 650 22,
508 586 542 634 53
563 581 608 634 ‘hi
625 585 757 651 poterant
775 599 871 636 omnes
890 583 989 636 eadem
1007 582 1017 634 i
1042 599 1059 636 a
1097 599 1112 636 e

101 653 300 708 Andromacha
320 653 477 722 deplorare:
497 652 580 706 haec
599 653 711 707 omnia
729 653 816 721 uidi,
837 654 886 708 sed
903 653 961 707 iam
980 653 1112 708 decanta-

101 727 204 780 uerant
221 724 360 778 fortasse.'
389 723 537 792 Non.181,
555 730 567 776 1
590 724 753 794 ‘turpari,
773 724 987 794 aturpitudine.
1016 724 1112 778 Oieero

101 796 326 850 Tusculanarum
352 794 401 849 lib.
424 795 477 848 IIII
506 796 589 866 [14]’.
632 794 776 860 Quaedam
803 812 837 850 ex
864 797 917 850 hoc
945 795 1055 850 cantico
1083 795 1113 849 in

100 867 182 922 Accii
209 867 350 936 Eurysace
379 866 490 936 agenda
518 883 591 920 anno
620 872 670 920 696
698 867 825 936 Aesopus
853 883 888 920 ex
915 866 1111 920 Andromacha

101 938 188 992 Ennii
210 937 368 1006 transtulit,
393 954 416 993 e.
436 954 458 992 c.
483 954 499 990 o
523 940 621 1018 pater
644 940 720 992 etv.
743 944 789 993 12:
814 937 854 992 sic
878 937 953 992 enim
971 937 1112 992 Ciceronis

101 1027 154 1080 pro
178 1008 269 1063 Sestio
289 1015 335 1078 57,
352 1015 401 1063 121
429 1011 620 1063 narrahonem
646 1007 888 1078 interpretandam
915 1025 976 1063 esse
1000 1010 1113 1062 demon-

103 1079 193 1134 stravi
215 1079 246 1133 in
269 1083 376 1148 quaest.
401 1097 474 1134 scen.
494 1085 545 1133 328
557 1098 596 1148 sq.
633 1080 711 1133 Idem
734 1097 846 1134 carmen
867 1079 996 1134 Tacitum
1020 1079 1112 1135 annal.

102 1152 169 1206 XIII
190 1157 222 1205 15
251 1151 415 1222 intellegere
444 1150 644 1204 animadvertit
672 1151 815 1206 Columna.
855 1151 970 1204 Adlusit
996 1151 1113 1205 Plautus

103 1223 205 1277 Bacch.
226 1227 278 1276 933
297 1221 341 1291 (cf.
362 1225 470 1290 quaest.
490 1239 561 1276 scen.
581 1225 650 1292 353).
682 1222 808 1277 Colorem
827 1239 861 1277 ex
879 1223 933 1276 hoc
951 1223 1013 1277 loco
1027 1221 1115 1276 traxit

102 1293 219 1348 Porcius
237 1293 322 1347 Latro
341 1293 371 1346 in
390 1293 512 1347 Senecae
531 1296 654 1348 controv.
672 1312 699 1363 p.
717 1299 767 1348 153
783 1294 815 1348 K.
845 1297 907 1364 (106
922 1294 972 1362 M.)

177 1407 264 1454 1-14
281 1417 406 1455 aceneres
424 1401 566 1454 constituit
583 1401 725 1455 Beatlec'as
789 1406 804 1452 2
824 1399 891 1454 exili
909 1412 941 1470 ψ,
963 1401 1115 1468 Beatlec'as,

103 1490 190 1542 ceap
213 1471 291 1524 exilii
309 1472 375 1542 Rep.
397 1471 469 1526 (ἤιά.
488 1471 579 1526 Brea.
652 1471 736 1541 fugae
754 1489 828 1526 cacas
849 1471 949 1539 Ocea,
972 1473 1115 1526 Bentlec‘us

102 1543 173 1613 fuga
188 1564 210 1612 φ
281 1544 387 1597 tiaram
405 1544 485 1596 tollas
503 1559 558 1609 quo
569 1549 637 1612 ¹post
656 1545 705 1596 aut
721 1545 863 1598 inserendo
945 1549 961 1596 3
981 1543 1115 1596 accedam

103 1617 139 1684 (h.
158 1632 179 1668 e.
204 1613 342 1683 accidam)
366 1615 430 1668 latri
452 1615 560 1682 optimi,
583 1614 726 1668 Beatlcias
753 1613 879 1667 occidam
897 1614 982 1668 Bera.
1002 1615 1018 1668 b
1036 1631 1114 1682 corr,

103 1687 174 1756 culp.
201 1685 308 1740 Cretica
330 1685 406 1738 illias
428 1701 531 1754 qaoque
554 1686 658 1752 formae
679 1701 807 1740 massera
886 1683 1005 1753 Apatri'
1029 1685 1114 1740 Beat-

104 1759 173 1812 leias
250 1761 265 1809 5
286 1757 374 1810 stant:
400 1757 434 1822 cf.
454 1757 544 1810 coroll.
564 1755 628 1808 XXI
700 1761 715 1809 6
736 1754 841 1810 abiete:
865 1757 900 1822 cf.
919 1756 1115 1812 Lachmarcaas

103 1829 135 1882 ia
157 1827 242 1882 Inar.
261 1827 301 1880 ΙΙ
315 1831 364 1880 991
439 1832 526 1880 1-14
548 1828 649 1881 solatas
670 1834 832 1896 anapaestos
854 1828 965 1897 apaocc't
989 1827 1022 1882 G.
1043 1827 1113 1883 Her-

103 1915 223 1954 marmus
295 1897 491 1951 9adstantem
508 1909 532 1966 ψ
552 1899 630 1952 Taso.
645 1898 702 1951 III
712 1903 745 1951 19
814 1897 986 1952 101acuatis
1006 1899 1115 1954 Servius

104 1968 246 2038 laqueatis
265 1968 402 2024 Ciceronis
415 1989 436 2022 ω
480 1974 513 2021 12
532 1967 609 2022 uidei
628 1970 764 2024 Vaticaas
782 1969 862 2023 uidet
877 1969 989 2024 Ahriac.
1005 1970 1068 2024 Eri.
1083 1973 1116 2026 de

103 2058 142 2096 cr.
157 2039 255 2108 uidip
292 2039 460 2094 inflammari
475 2061 496 2093 ω
534 2045 567 2092 13
582 2039 699 2094 euitarci
712 2041 849 2096 Vallenses
866 2039 986 2094 euitaret
1000 2041 1114 2097 Atrdae.

104 2112 165 2166 Fac.
185 2113 253 2166 itia.
272 2110 359 2165 uitari
378 2132 399 2180 φ
455 2117 488 2164 14
507 2110 615 2180 turpari
633 2132 654 2164 ω

598 2245 625 2302 X

105 2335 157 2400 Ex
180 2335 298 2420 dpibus
320 2336 454 2400 summis
477 2335 547 2420 opis
571 2358 680 2422 egens,
703 2335 837 2420 Hecto‘r,
860 2339 934 2400 tuae

176 2447 273 2504 Cicero
293 2447 373 2502 Tusc.
394 2447 464 2516 disp.
484 2448 523 2502 ΙΠ
538 2454 579 2517 19,
594 2455 629 2503 44
649 2449 692 2520 (cf.
712 2449 768 2518 IX).

589 2581 631 2639 XI

106 2672 242 2751 Quantis
265 2695 338 2737 cum
362 2673 521 2737 aerumnis
544 2672 638 2737 sslum
662 2673 831 2738 exanclaur'
851 2673 948 2737 diem!
1041 2713 1075 2727 e
1134 2684 1168 2732 90

173 2786 248 2840 Non.
269 2791 359 2854 2928
381 2785 577 2840 ‘exanclare
597 2785 684 2840 etiam
703 2785 844 2854 significat
861 2785 978 2855 perpeti.
1007 2785 1114 2840 Ennius

105 2856 342 2911 Andromache
355 2856 443 2910 malo
458 2856 654 2924 torquentis
669 2858 742 2910 cum’
758 2873 780 2912 e.
791 2874 817 2924 q.
829 2875 849 2911 s.
869 2857 1114 2929 (torquantisp

105 2927 340 2982 Andromache
358 2928 518 2982 moletto:
538 2927 677 2995 quantis
692 2927 831 2982 Mercerus
846 2928 943 2984 Andr.
960 2930 1115 2984 aechma-

106 2998 228 3054 lotide:
248 2998 389 3066 quantis
407 2998 547 3068 ltothius.)

582 3096 640 3154 XII

106 3185 195 3272 Vidi,
219 3187 328 3252 uidere
352 3187 438 3272 qu6d
461 3210 512 3252 me
534 3210 627 3272 passa
650 3191 848 3276 aegerrume,

105 3292 278 3360 Hectdrem
302 3317 397 3358 curru
421 3295 611 3382 quadriiugo
634 3296 804 3381 raptarier,

106 3399 254 3466 Hectoris
277 3405 390 3467 naham
414 3402 452 3466 de
474 3425 567 3469 muro
590 3402 746 3466 iactarier.

176 3513 272 3568 Cicero
286 3514 367 3569 Tusc.
383 3514 453 3584 disp.
469 3515 596 3584 144,105
613 3513 716 3568 ‘trahit
725 3513 891 3568 Hectorem.
904 3556 908 3567 .
922 3555 927 3566 .
938 3511 1060 3566 Achilles
1073 3557 1078 3567 .
1089 3557 1093 3566 .
1106 3556 1111 3567 .

107 3583 143 3637 At
165 3583 217 3638 illa
240 3585 314 3640 sicut
335 3585 546 3640 acerbissimam
564 3601 622 3638 rem
639 3587 758 3638 maeret:
783 3585 819 3655 [1.
840 3584 868 3653 2]
889 3582 1041 3639 ...Melius
1060 3583 1112 3635 Ac-
