2630 3886
184 147 248 210 258
600 145 629 197 L.
649 144 775 198 ACCIVS

182 307 253 360 haec
271 308 301 360 et
317 305 371 359 hoc
390 321 448 375 ops
462 307 492 358 et
505 321 572 372 ccps
585 320 636 372 pro
651 303 800 372 opulentus
815 306 844 357 et
857 303 988 372 copiosus
1001 305 1194 374 proferebant.

182 377 306 431 Accius
325 377 363 430 de
382 374 528 429 Hercule
547 373 677 428 dicens:
697 376 852 441 quorum'
873 391 896 428 e.
911 393 937 442 q.
953 393 974 430 s.
1010 377 1089 445 ‘proz
1109 392 1194 446 opem

182 449 274 502 ferens
293 450 322 502 et
339 446 476 501 auxilium
494 445 634 516 gentibus.
668 445 708 498 sic
727 445 852 514 Caper!
890 447 934 498 Ad
951 446 1118 500 Heraclidas
1137 447 1193 501 hoc

183 523 212 574 et
230 535 348 588 sequens
366 518 408 586 ir„
428 517 496 571 item
514 517 565 570 XV
584 515 689 570 rettuli.

641 639 727 697 XVH

129 766 180 813 670
190 741 227 806 In
251 745 360 807 monte
383 740 501 806 Oetaeo
525 742 643 825 <suni>
666 742 784 806 inlatae
807 741 977 826 limpcdes.

765 863 782 887 ’λ’

678 892 696 932 ει

182 1006 364 1018 .....
401 954 436 1017 in
460 955 589 1019 domum
613 955 774 1018 selemim
798 956 900 1038 petris

252 1065 346 1120 Cicero
366 1065 400 1119 de
418 1069 476 1119 nst.
496 1065 570 1120 deor.
585 1066 623 1119 III
638 1072 679 1132 16,
694 1072 726 1118 41
749 1067 899 1134 ‘quomodo
917 1085 990 1121 nunc
1005 1069 1122 1136 quidem
1135 1073 1189 1138 est,
1303 1089 1306 1096 ·

180 1155 236 1192 non
259 1137 355 1205 uideo,
378 1153 434 1204 quo
457 1139 541 1206 pacto
564 1136 625 1200 ille,
649 1136 693 1190 cui
716 1136 750 1190 in
771 1141 883 1192 monce
904 1137 1030 1193 Oetaeo
1049 1139 1190 1195 inlatae

180 1208 355 1277 lampades
382 1207 509 1276 fuerunt,
536 1211 568 1262 ut
593 1208 635 1260 ait
658 1207 770 1276 Accius,
798 1208 832 1262 in
856 1209 987 1263 domum
1011 1214 1191 1266 aeternam

178 1279 290 1349 petris
309 1295 343 1333 cx
360 1277 411 1332 illc
431 1279 529 1332 ardore
546 1279 724 1348 peruenerit)

252 1383 273 1437 1ι
285 1379 412 1430 mosiaco
431 1377 509 1430 Lem.
528 1378 555 1429 A
575 1377 634 1430 Ενλ.
654 1377 716 1430 Pal.
737 1378 850 1432 Vindeb.
869 1381 979 1432 melseo
999 1380 1076 1434 Leid.
1091 1381 1120 1433 B
1138 1385 1191 1449 (an

178 1448 208 1502 in
227 1451 350 1502 montem
370 1447 533 1517 Oetaeum)
589 1448 734 1502 Οοοεννανο
749 1456 812 1516 post
831 1447 936 1502 Oetaeo
954 1453 1042 1504 suasit
1060 1452 1123 1506 Bsse

648 1580 718 1638 XIX

179 1679 331 1745 Scindens
355 1681 464 1744 dolore
487 1680 660 1744 ide'nlidem
684 1681 845 1745 intonsum
869 1703 992 1747 comem

249 1792 344 1847 Cicero
367 1793 447 1846 Tusc.
472 1791 542 1861 disp.
562 1793 601 1846 111
615 1799 661 1861 26,
676 1798 710 1845 62
740 1794 790 1846 ‘ex
812 1793 865 1846 hec
889 1793 1020 1862 opinione
1044 1799 1109 1850 sunt
1131 1795 1186 1851 illc

177 1863 258 1917 ucria
275 1866 305 1918 el
323 1863 504 1917 detestabilia
522 1879 625 1932 genere
643 1863 759 1933 lugendi
775 1908 779 1917 .
793 1907 815 1918 ..
831 1863 896 1917 hinc
914 1864 963 1918 ille
978 1866 1187 1935 Agamemno

176 1934 339 1988 Homericus
367 1937 396 1988 et
422 1934 498 1988 idem
524 1935 677 1989 Accianus:
706 1934 884 1988 scindens’
910 1952 933 1990 c.
952 1954 979 2004 q.
999 1955 1020 1991 s.
1063 1937 1185 1994 Conlato

176 2005 290 2058 Homeri
317 2021 351 2059 ex
368 2004 457 2059 Iliade
475 2005 501 2058 X
526 2023 551 2059 v.
572 2012 604 2059 15
631 2005 734 2068 πολλὰς
761 2001 792 2059 ε’νι
819 2011 943 2075 κεφαλῆς
969 2009 1186 2079 προθελύμνους

177 2074 269 2130 ἕλκετο
287 2073 385 2146 χαίτας
402 2077 574 2130 Duentzerus
593 2076 793 2146 Nyccegresicc
812 2077 944 2132 restiluit.

652 2209 706 2266 XX

122 2327 173 2374 675
218 2306 350 2392 Iamque
373 2313 520 2372 auroram
543 2309 676 2372 ruiilcre
696 2311 808 2392 procul

222 2414 323 2480 Cerno

245 2528 333 2582 Varro
352 2527 386 2580 de
405 2527 423 2582 l.
442 2527 460 2580 l.
475 2527 527 2581 Vll
540 2533 574 2580 83
588 2528 624 2582 M.
665 2527 754 2596 ‘apud
773 2527 901 2584 Accium:
920 2529 1047 2598 iamque’
1068 2547 1092 2584 e.
1111 2549 1137 2600 q.
1158 2551 1183 2587 s.

176 2601 313 2652 ‘eurora
338 2597 440 2652 dicilur
464 2601 529 2652 ente
553 2598 620 2652 solis
645 2601 749 2664 ortum,
774 2599 810 2652 eb
834 2615 866 2653 eo
886 2601 961 2668 quod
980 2601 1016 2654 ab
1034 2601 1094 2671 igni
1112 2602 1184 2657 solis

173 2673 234 2724 tum
253 2686 336 2724 aureo
356 2673 404 2722 cer
422 2669 551 2722 aurescii.
585 2668 665 2734 Quod
684 2668 765 2722 addit
783 2669 944 2738 rulilcre,
964 2675 1007 2725 est
1025 2673 1062 2726 cb
1081 2674 1182 2728 eodem

174 2741 278 2808 colore3
303 2739 380 2794 aurei
403 2740 478 2793 enim
498 2739 590 2808 rutili,
613 2742 642 2794 et
660 2739 725 2793 inde
745 2739 832 2794 etiam
850 2741 981 2796 mulieres
999 2743 1083 2797 uelde
1102 2744 1183 2799 rufae

142 2827 144 2832 ·
172 2811 276 2866 rutilae
303 2811 415 2865 dicias)
454 2810 633 2880 Comperevil
654 2811 774 2864 Valerus
803 2811 880 2866 chori
903 2813 933 2866 in
955 2813 1047 2868 Rheso
1070 2834 1095 2868 v.
1116 2821 1183 2870 5352

174 2884 231 2946 ἀὼς
250 2882 284 2951 δὴ
303 2882 389 2946 πέλας
408 2883 464 2946 ἀὼς
483 2880 614 2952 Γίγνεται
632 2903 656 2936 ν.
671 2902 693 2936 τ.
709 2886 731 2937 λ.
789 2919 793 2936 .

640 3015 710 3072 XXI

172 3116 264 3181 Vnde
288 3115 377 3200 estis,
399 3119 531 3197 naulae,
554 3115 617 3179 huc
634 3115 744 3179 ¹hieme
768 3116 887 3180 delati?
924 3169 930 3181 .
968 3169 974 3182 .
1014 3167 1021 3181 .

243 3227 354 3283 Servius
377 3227 448 3283 Dan.
472 3227 502 3280 in
525 3228 592 3281 Aen.
613 3229 695 3281 1122
726 3227 846 3282 ‘hiems
870 3229 939 3284 dues
963 3246 1007 3284 res
1031 3230 1183 3302 significat,

173 3301 223 3352 eui
248 3302 359 3369 lempus
382 3302 432 3352 eut
455 3298 513 3351 uim
536 3298 626 3367 uenti,
654 3314 704 3367 per
727 3315 811 3366 qucm
835 3300 924 3354 oritur
945 3303 1098 3371 lempestcs
1115 3347 1119 3356 .
1137 3348 1143 3357 .
1160 3304 1180 3358 .’

171 3371 245 3439 Apte
273 3385 415 3438 compares
444 3385 477 3422 ex
504 3368 648 3438 Sophoclis
671 3369 831 3424 Philoctete
851 3390 877 3425 v.
897 3378 948 3425 220
970 3370 1044 3436 τίνες
1065 3371 1130 3427 ποτ’
1152 3373 1183 3438 ἐς

171 3448 226 3526 γῆν
247 3439 330 3506 τήνδε
354 3437 472 3512 ναυτίλῳ
495 3439 585 3510 πλάτῃ
604 3437 754 3509 Κατέσχετ’
781 3440 840 3495 οὔτ’
867 3442 986 3512 εὔορμον
1005 3441 1064 3498 οὔτ’
1086 3445 1183 3506 οἰκον-

171 3527 274 3578 μενην;
