2618 3900
538 127 575 180 u.
594 126 773 182 Provuvs
1097 129 1160 191 145
1234 123 1235 126 ‘

143 286 266 341 Pacuvii
294 303 405 340 versum
432 285 481 354 qui
508 285 654 340 restituere
677 286 827 340 voluerunt
850 287 929 340 varia
951 289 1161 357 temptaverunt

142 359 226 412 volut
247 355 433 439 naufragio
461 373 591 438 nempe:
620 374 700 438 ergo
727 357 763 438 id
785 357 914 412 factum
939 358 1041 426 forte,
1070 359 1161 412 haud

142 429 288 483 fortuna
307 428 439 509 obtigit
458 427 619 483 Salmasius.
655 445 715 498 rpse
734 447 764 482 111
783 429 877 484 eoroll.
896 429 996 483 XLVII
1013 429 1159 498 proposui:

140 519 171 554 n.
191 519 231 556 n.:
262 517 341 569 ergo
370 499 405 552 id
432 499 561 553 factum
587 500 671 552 haut
694 499 783 554 forte
806 499 947 554 fortuna
970 518 1007 568 o.‚
1036 501 1159 554 Marxius

141 571 318 641 nuperrime:
341 589 383 626 n.:
406 587 524 640 nempe
548 587 627 640 ergo
650 570 684 623 id
707 570 726 624 f.
746 571 775 624 F.
799 574 858 652 aut
875 571 905 626 F.
926 571 1073 640 optigit?
1100 572 1160 626 Hoo

141 646 174 696 et
191 643 313 696 fortasse
332 641 365 696 fr.
384 642 436 695 XV
455 659 489 695 ex
508 641 611 710 Chryse
631 645 773 710 sumptum
791 643 909 697 vrdetur.

220 755 307 802 1-10
327 749 510 804 Pertraetaoit
527 751 599 803 doaso
617 751 706 804 iotam
724 751 755 802 io
771 749 909 820 Philolopi
928 750 989 804 VII
999 767 1028 818 p.
1044 754 1095 802 383
1104 766 1159 819 sqq.

146 821 341 875 Fleckeiseoas
391 825 406 872 2
426 836 548 887 saxoque
566 819 672 873 instare
686 819 717 872 in
730 819 848 889 globoso
862 819 1027 889 praedicant
1041 819 1161 873 uolubili

144 893 301 947 Salmasius
315 907 439 958 saxoque
453 890 559 944 instare
572 889 602 942 in
616 890 715 960 globos
730 890 858 960 (globoso
874 892 939 946 Por.
951 895 982 944 Π
993 910 1026 946 m.
1037 895 1064 960 2)
1078 907 1160 960 posse

143 961 245 1016 dieunt
268 961 389 1016 uolubili
413 962 479 1016 Par.
500 970 624 1031 aterque,
648 963 755 1030 Herbip
782 963 866 1016 Besa.
894 979 1032 1030 saxeoque
1055 962 1160 1015 instare

144 1033 235 1104 globo
253 1033 421 1114 praedicant
438 1032 560 1086 uolubili
578 1033 677 1088 Bamb.
696 1034 775 1088 Leid.
795 1034 919 1088 Darmst.
939 1033 1053 1102 saxique
1071 1033 1162 1086 instar

144 1105 261 1174 globosr
285 1121 345 1158 esse
370 1103 468 1157 dieunt
490 1103 646 1158 uolubilem
670 1104 745 1158 Corb.
771 1104 886 1172 saxique
910 1121 970 1158 esse
993 1104 1083 1158 instar
1101 1105 1161 1174 glo-

144 1175 212 1230 bosi
235 1194 262 1245 p.
286 1175 442 1229 uolubile'm
461 1177 590 1244 probavit
613 1176 791 1230 Hermaaaas
863 1182 879 1229 3
902 1175 933 1228 id
955 1193 1010 1244 quo
1035 1175 1101 1231 Par.
1124 1179 1160 1243 Π,

139 1249 224 1318 prob.
245 1247 397 1302 Salmasius
416 1245 446 1298 id
465 1246 541 1314 quod
560 1247 675 1316 Herbip.
695 1247 761 1300 Par.
782 1247 809 1300 P
824 1253 888 1300 m.1
909 1249 993 1302 Besa.
1013 1264 1068 1315 quo
1083 1247 1160 1302 Coro.

141 1338 181 1373 m.
203 1325 217 1371 1
238 1317 305 1386 quia
324 1335 379 1386 quo
400 1318 477 1372 Gorb.
495 1323 561 1370 Μ
581 1318 703 1372 Dormst.
723 1316 787 1370 ideo
806 1316 947 1385 quisquo
966 1319 1064 1372 Bamb.
1081 1319 1160 1372 Leid.

142 1391 217 1444 Par.
238 1390 266 1442 P
285 1407 319 1442 m.
340 1395 356 1442 2
380 1388 447 1456 quia
470 1405 526 1456 quo
549 1387 580 1440 id
603 1391 667 1442 olim
686 1391 769 1457 posai
791 1396 822 1442 at
844 1391 876 1442 io
898 1405 921 1442 o.
945 1391 1108 1458 interpolato

145 1461 267 1514 fortuna
285 1461 399 1529 Herbip.
420 1461 504 1514 Besa.
568 1465 593 1513 4.
614 1465 629 1512 5
648 1461 754 1514 inverso
772 1461 867 1514 ordine
886 1458 1013 1530 teporatur
1065 1466 1083 1512 4
1101 1477 1161 1512 esse

120 1583 123 1587 .
143 1532 342 1600 Herraooaas,
361 1549 412 1586 om.
432 1532 509 1598 libri,
533 1547 599 1600 qaos
618 1533 666 1600 qai
683 1537 811 1585 seeroatwr
828 1531 953 1584 ooeabaii
972 1533 1052 1584 atrox
1066 1548 1160 1600 proso·

144 1605 226 1658 diam
244 1605 375 1673 ipaoraat
429 1600 571 1655 instabilis
591 1601 645 1655 siet
668 1601 846 1656 Hermaosaas
917 1607 932 1654 5
956 1603 1026 1672 rem]
1046 1617 1164 1654 oausam·

143 1675 272 1729 Damnst.
327 1689 388 1726 esse
402 1690 452 1727 om.
467 1674 565 1727 Bamb.
620 1679 634 1726 7
649 1672 762 1726 fortuna
776 1673 875 1726 Bamb.
889 1673 968 1726 Leid.
987 1672 1160 1740 fortunamrp

199 1747 305 1814 negent
323 1745 421 1799 Bamb.
441 1744 520 1798 Laid.
540 1745 663 1800 Dormst
732 1749 748 1796 8
769 1743 905 1812 Corrupto
923 1746 955 1797 ia
974 1745 1058 1811 tibris,
1078 1745 1160 1798 iater-

138 1817 250 1886 potita,
268 1817 397 1870 mutilata
415 1823 489 1870 certo
506 1816 559 1882 dds
577 1817 686 1869 restitui
704 1832 761 1868 ooo
775 1823 899 1883 possunt.
945 1814 1034 1867 ullam
1051 1813 1160 1868 miseri-

142 1890 236 1940 tatem
254 1903 314 1940 esse
329 1889 478 1940 autumant
492 1885 739 1954 (autumanitatem
753 1887 867 1954 Her-bip.
882 1885 1071 1939 temeritatem
1085 1886 1160 1955 Erf.)

147 1961 218 2012 Por.
237 1966 321 2027 aterq.
341 1958 427 2011 Bora.
447 1957 560 2026 Herbip.
584 1957 673 2010 ullam
695 1955 880 2010 miseritatem
903 1973 963 2010 esse
982 1957 1031 2010 sed
1049 1956 1160 2010 temeri-

142 2031 208 2082 tate
227 2028 320 2082 omnia
338 2027 398 2098 regi
418 2031 583 2082 autumaent
597 2029 674 2082 Coro.
689 2027 749 2097 (sed
767 2027 927 2081 temeritate
939 2027 1041 2081 ‘omnia
1060 2027 1160 2097 regi-

142 2099 208 2169 regi
226 2099 321 2154 omnia
335 2100 418 2154 Bora.
434 2131 469 2139 -
484 2101 550 2154 Par.
566 2101 594 2152 P
606 2101 701 2168 Bora.)
720 2097 809 2152 ullam
827 2115 887 2152 esse
905 2098 1047 2152 miseriam
1066 2098 1159 2168 (mise-

141 2170 218 2224 riam
248 2171 337 2224 ullam
364 2187 424 2224 esse
451 2171 585 2240 Dormst.)
613 2171 662 2224 sed
689 2170 848 2224 temeritate
876 2169 970 2224 omnia
1000 2169 1060 2240 regi
1088 2170 1159 2240 (geri

142 2244 237 2312 Laid.)
260 2244 409 2296 autumant
431 2242 528 2296 Bamb.
548 2242 627 2295 Laid.
646 2243 768 2296 Darotst.
842 2241 995 2295 Fortunam
1017 2260 1045 2296 n.
1069 2239 1159 2295 ullam

142 2313 278 2366 miseram
304 2314 335 2367 in
362 2313 445 2367 rebus
473 2327 545 2380 esse,
573 2311 774 2366 Temeritatem
801 2328 861 2365 esse
889 2315 1039 2366 autumant
1068 2312 1158 2368 Mara

143 2383 290 2438 miseriam
312 2400 373 2438 esse
395 2383 484 2437 ullam
504 2384 618 2438 Gratias
694 2385 806 2438 Versum
824 2389 840 2436 9
858 2386 978 2438 restituit
996 2384 1158 2438 Salmasius.

144 2457 186 2510 Ia
208 2457 301 2510 eadem
322 2458 437 2526 ipaaras
460 2463 485 2508 et
507 2457 563 2524 ipse
581 2455 669 2508 iaoidi
687 2462 724 2521 et,
749 2472 825 2523 qoem
842 2472 899 2508 ooo
917 2457 1003 2524 inopis
1023 2473 1158 2522 oooeraoz,

145 2526 315 2597 Speapelias.
353 2525 413 2579 ueri
436 2543 485 2580 ora.
506 2525 621 2594 Herbip.
694 2541 754 2578 esse
773 2525 887 2592 Herbip.
907 2530 971 2578 m.1
997 2541 1056 2578 esse
1079 2525 1159 2578 aiunt

145 2599 216 2652 Par.
236 2599 265 2651 P
279 2616 313 2651 m.
334 2603 348 2650 1
369 2601 399 2650 H
419 2598 503 2651 Besa.
528 2597 641 2665 Herbip.
661 2603 730 2650 Μ
759 2611 819 2649 esse
844 2595 923 2648 aiunt
946 2596 1021 2662 quod
1046 2597 1112 2650 Par.
1133 2597 1161 2648 P

144 2687 182 2724 m.
203 2675 219 2721 2
244 2669 318 2724 Oorb.
343 2669 440 2723 Bomb.
465 2669 543 2722 Leid.
567 2669 690 2722 Damnst.
762 2683 861 2735 reapse
885 2667 1020 2721 Victorias
1047 2682 1077 2720 re
1103 2668 1157 2735 (res

145 2741 217 2795 Par.
236 2741 265 2792 P
279 2746 345 2794 Μ
366 2739 453 2809 Gorb.)
477 2739 512 2792 ab
536 2755 565 2792 se
583 2759 604 2792 a
678 2744 712 2792 10
734 2738 840 2793 factust
863 2738 1041 2792 Hermaaaas
1067 2736 1159 2791 faetus

144 2811 228 2866 Laid.
247 2829 281 2866 ra.
298 2817 311 2864 1
331 2811 423 2864 faetus
442 2813 485 2864 est
503 2831 525 2878 φ
592 2809 675 2863 modo
695 2827 744 2864 ora.
764 2811 861 2863 Bamb.
881 2809 960 2864 Leid.
980 2809 1104 2863 Darmst.

145 2883 217 2936 Post
235 2887 268 2935 10
290 2881 438 2950 naufragio
461 2897 561 2950 nempe
585 2897 650 2950 ergo
674 2879 704 2934 id
727 2881 835 2934 factum
857 2879 940 2932 Forte
964 2881 1014 2932 aut
1036 2880 1160 2933 Fortuna

145 2952 272 3022 optigit?
290 2955 366 3023 sequi
383 2955 442 3008 oalt
460 2953 553 3007 Mara-

628 3067 684 3124 XV

145 3222 153 3234 .
174 3159 353 3253 mendicus,
376 3168 615 3232 mintioulator:
639 3151 686 3231 ita
708 3167 767 3231 fati
791 3167 949 3250 oppressit
972 3167 1094 3252 iugum.

220 3289 398 3343 XV-XVIH
415 3289 514 3342 Festus
532 3307 559 3357 p.
576 3294 626 3342 133
641 3289 678 3341 M.
706 3287 988 3340 ‘manticularum
1006 3305 1073 3341 usus
1091 3305 1162 3357 pau-

144 3359 263 3434 peribus
295 3359 325 3413 in
354 3359 475 3414 nummis
503 3359 687 3413 recondendis
715 3358 802 3412 etiam
832 3361 928 3412 nostro
957 3359 1069 3414 saeculo
1097 3359 1159 3414 fuit.

144 3432 230 3486 Vnde
257 3431 438 3486 manticulari
466 3430 632 3484 dicebantur
659 3429 708 3498 qui
735 3428 848 3482 furandi
875 3429 969 3498 gratia
992 3429 1160 3484 manticulas

147 3504 350 3558 attrectabant.
377 3503 445 3556 inde
463 3505 563 3572 poetae
581 3518 632 3570 pro
652 3501 748 3554 dolose
767 3499 835 3567 quid
855 3501 963 3569 agendo
982 3501 1027 3554 usi
1046 3505 1111 3556 sunt
1128 3519 1160 3556 eo

204 3603 283 3644 Sason.
298 3613 359 3652 poes.
374 3603 438 3643 Rom.
453 3603 534 3652 fragm.
550 3602 583 3642 sd.
598 3601 715 3640 Rrssncr.
969 3596 1001 3644 10
