2618 3900
512 145 550 198 M.
569 145 748 200 PACVVIVS
1070 147 1134 212 125

617 313 645 368 V

118 412 194 477 Nec
217 412 284 476 silla
306 411 439 476 subscus
462 413 592 478 cohibet
614 436 801 501 compagem
824 414 920 499 aluei,
1135 433 1186 481 250

121 517 190 588 Sed
212 523 285 583 suta
307 519 374 584 lino
398 524 430 584 et
453 521 588 604 spinteis
610 520 770 614 senilibus

195 649 295 703 Festus
310 668 336 718 p.
348 655 400 704 343
410 651 447 704 M.
468 650 620 704 ‘serilla'
636 651 769 721 (serilia
783 651 927 706 Turnebus
939 653 1010 707 Adv.
1020 652 1097 706 XVII
1108 656 1133 722 7)

122 720 256 774 ‘Verrius
281 721 418 790 appellari
440 724 523 790 putat
545 721 662 792 nauigia
680 722 803 777 Histrica
821 741 854 777 ac
872 722 1035 792 Liburnica,
1061 741 1133 792 quae

117 793 184 846 lino
203 809 236 845 ac
255 795 350 860 sparto
367 793 581 861 condensantur,
601 811 618 847 a
632 795 802 848 conserendo
817 797 846 848 et
859 795 1033 849 contexendo
1048 793 1133 864 dicta,

119 862 194 932 quia
211 862 290 916 dicat
302 864 332 916 P.
349 862 380 916 in
393 863 514 932 Niptris:
534 881 585 918 nec
603 865 677 918 ulla’
698 882 721 919 e.
736 883 762 933 q.
778 884 799 920 s.
821 867 899 920 ‘cum
912 875 1135 936 περιφρασπικῶς

121 938 153 988 et
177 934 244 988 ficto
267 934 407 988 uocabulo
426 953 493 989 usus
512 935 550 989 sit
566 953 617 1005 pro
636 935 781 1005 frmiculis,
805 937 854 1004 qui
872 940 967 1007 sparto
986 953 1134 991 conserun-

119 1006 192 1060 tur.’
233 1005 312 1058 Idem
333 1024 360 1074 p.
381 1011 431 1060 306
451 1006 488 1060 M.
527 1007 743 1078 ‘[subsoudes
776 1008 966 1080 ap]pellantur
998 1011 1134 1062 cuneatus

118 1075 275 1148 ta[belIae,
303 1075 416 1148 quibus]
440 1077 557 1131 tabulae
580 1077 653 1131 inter
676 1095 705 1132 se
729 1079 930 1150 oon[figuntur,
958 1079 1007 1148 qui
1021 1097 1049 1148 a,
1079 1097 1134 1148 quo

119 1165 176 1202 eae
194 1146 392 1216 immittuntur,
412 1148 592 1219 [succuditur.
621 1149 782 1221 Pa]cuius
801 1149 831 1203 in
849 1149 957 1220 Niptris
977 1151 1003 1222 [1
1025 1151 1033 1177 ’
1053 1150 1135 1205 Pauli

119 1220 225 1273 Festus
243 1237 269 1288 p.
285 1224 337 1272 307
355 1219 392 1272 M.
432 1219 634 1274 ‘subscudes
660 1220 838 1290 appellantur
859 1221 998 1276 tabellae’
1024 1238 1046 1276 e.
1067 1241 1092 1291 q.
1113 1240 1133 1276 s.

123 1289 296 1345 ‘Pacuuiusz
315 1307 366 1343 nec
384 1289 445 1344 ulla
464 1309 484 1346 s.
505 1308 527 1345 c.
547 1293 729 1361 compagem’

608 1460 652 1518 Vl

120 1558 205 1624 Inde
227 1557 365 1624 Aetnam
389 1564 531 1626 montem
554 1561 689 1626 adue‘nio
713 1562 748 1626 in
770 1561 954 1646 scruposam
977 1584 1114 1647 specum.

198 1690 270 1744 Non.
290 1697 380 1758 saal
403 1691 538 1760 ‘specus
610 1691 744 1746 feminino
760 1737 765 1746 .
779 1737 783 1746 .
796 1737 801 1746 .
816 1691 938 1746 Accius
957 1691 1065 1762 Niptris
1080 1737 1085 1746 .
1098 1737 1102 1746 .
1116 1693 1132 1746 .'

121 1761 171 1831 (in
195 1768 226 1815 nl
246 1761 406 1830 psaltriis
426 1761 523 1816 Vrbin.
543 1765 606 1832 308)
624 1762 783 1818 Priscianus
805 1782 832 1832 p.
853 1769 903 1816 713
922 1764 951 1817 Ρ.
982 1762 1043 1817 ‘hic
1062 1781 1134 1833 spe-

123 1849 199 1897 cus,
217 1833 293 1900 quod
311 1835 370 1887 tam
388 1833 574 1887 masculinum
592 1851 677 1902 quam
694 1837 825 1888 neutmm
842 1833 985 1888 inuenitur
1000 1878 1005 1889 .
1018 1879 1023 1889 .
1036 1879 1041 1889 .
1056 1834 1135 1888 femi·

121 1903 194 1956 nino
221 1906 317 1957 tamen
343 1903 396 1958 hoc
423 1921 525 1958 nomen
553 1922 663 1973 quoque
689 1905 852 1960 inuenitur.
869 1905 1078 1960 ..Pacuuius
1105 1905 1136 1960 in

122 1973 248 2043 Niptris:
264 1975 410 2029 aduenio
424 1975 460 2028 in
474 1993 669 2044 scruposam
683 1977 836 2046 specum’
854 1976 1134 2033 cianal.Helv.102.

197 2089 263 2144 inde
287 2090 407 2145 aduenio
430 2093 554 2145 montem
572 2092 673 2146 Aetam
696 2109 746 2146 scr.
771 2110 811 2162 sp.
830 2092 942 2147 Nostius
967 2092 1087 2146 aduenio
1105 2092 1135 2145 in

123 2180 178 2216 scr.
199 2180 239 2230 sp.
258 2165 351 2218 ceteris
369 2164 474 2217 omissis
492 2163 654 2218 Priscianus
671 2162 737 2217 inde
757 2163 877 2217 aduenio
895 2165 1019 2217 montem
1036 2163 1136 2218 Oetam

123 2251 178 2288 sor.
199 2251 238 2302 sp.
258 2235 330 2303 cdd,
354 2235 505 2288 Basileios.
545 2235 685 2303 Temptaui
707 2237 772 2290 olim
794 2237 835 2289 cel
856 2233 922 2288 inde
940 2235 1062 2289 Aetnam
1087 2235 1135 2288 ad·

124 2303 211 2359 uenio
229 2307 354 2358 montem
371 2307 412 2360 ccl
430 2305 551 2358 Aetnam
568 2304 634 2359 inde
651 2309 776 2360 montem
795 2304 915 2360 aduenio
933 2305 963 2358 in
978 2323 1027 2360 scr.
1043 2325 1083 2376 sp.

123 2375 319 2445 scrupulosam
337 2375 548 2446 (scropulosam)
567 2377 709 2432 Prisciani
726 2389 749 2446 ψ
769 2376 903 2446 scripsam
922 2377 1012 2431 Nonii
1029 2378 1055 2430 L

601 2545 661 2602 VII

507 2650 610 2710 aetate
632 2645 773 2732 integra,

126 2753 242 2818 Fero'ci
265 2752 408 2838 ingenio,
431 2752 512 2817 ficis
535 2752 667 2836 procera
689 2751 797 2816 uirum

199 2881 307 2937 Gellius
321 2882 384 2936 XIII
398 2887 432 2936 30
446 2884 510 2952 (29),
525 2889 540 2936 3
561 2882 660 2936 ‘sicuti
674 2881 790 2950 quidam
803 2881 927 2936 faciem
941 2898 1001 2936 esse
1014 2881 1135 2937 hominis

125 2957 231 3026 putant
253 2971 284 3006 os
305 2956 418 3007 tantum
440 2956 469 3008 et
490 2953 584 3008 oculos
604 2956 634 3008 et
651 2971 751 3024 genas,
775 2954 850 3022 quod
869 2953 968 3008 Gracci
985 2951 1136 3024 πρόσωπον

126 3027 239 3080 dicunt:
267 3025 380 3092 quando
406 3024 492 3079 facies
517 3024 554 3078 sit
576 3025 667 3080 forma
689 3024 779 3079 omnis
802 3028 831 3078 et
853 3025 952 3078 modus
976 3028 1005 3078 et
1026 3024 1136 3078 factura

124 3097 269 3167 quaedam
287 3095 409 3166 corporis
423 3095 510 3150 totius
527 3096 678 3164 ...itaque
692 3096 832 3150 Pacuuius
844 3095 876 3152 in
889 3096 1044 3166 tragoedia,
1063 3112 1136 3164 quae

125 3169 232 3238 Niptra
254 3167 429 3236 inscribitur,
452 3166 555 3222 facicm
573 3167 646 3222 dixit
662 3167 784 3222 hominis
803 3183 853 3236 pro
872 3183 916 3220 cor
940 3166 995 3221 oris
1013 3166 1136 3236 longitu-

124 3241 201 3294 dine.
234 3239 345 3308 Aetate,
363 3238 464 3308 inquit,
483 3237 604 3308 intcgra’
625 3257 647 3294 e.
663 3256 689 3307 q.
705 3257 725 3293 s.
758 3239 896 3307 Excerpta
940 3238 1045 3292 ellisna
1059 3237 1137 3291 edita

126 3329 144 3366 a
157 3309 389 3365 Reifferscheidio
403 3327 472 3364 mus.
487 3309 576 3364 Rhen.
590 3310 654 3365 XVI
667 3329 694 3380 p.
708 3315 741 3364 10
758 3308 874 3363 ‘faciem
887 3309 1007 3362 hominis
1022 3308 1138 3376 quidem

125 3385 232 3454 putant
249 3397 310 3436 esse
329 3398 359 3435 os
373 3384 486 3436 tantum
499 3383 528 3435 et
541 3379 637 3435 oculos
652 3385 681 3435 et
694 3397 789 3451 genas,
809 3397 872 3433 cum
885 3378 972 3434 facies
987 3379 1024 3434 sit
1037 3380 1137 3434 modus

127 3457 157 3508 et
180 3453 292 3508 factrus
314 3453 454 3520 quaedam
476 3451 599 3522 corporis
621 3452 710 3506 totius
726 3451 856 3506 ...unde
873 3449 1012 3504 Pacuuius
1036 3451 1138 3504 faciem

127 3523 251 3580 hominis
279 3523 351 3577 dixit
377 3541 428 3594 pro
457 3525 578 3579 statura:
607 3526 713 3593 aetate,
741 3521 845 3590 inquit,
873 3521 998 3591 integra'
1027 3539 1049 3576 e.
1069 3539 1095 3590 q.
1115 3540 1137 3576 s.
