2618 3900
11 67 14 222 j

172 185 236 248 150
555 183 592 236 M.
611 182 790 242 PlcVVIVs

169 347 334 432 Vergilius
357 347 515 430 sequitur,
537 345 613 409 licet
636 345 733 408 etiam
756 345 846 409 illam
868 343 1038 428 praelibet,
1061 347 1099 406 ut
1121 365 1181 408 suo

170 453 383 518 indicabimus
405 453 497 517 loco?
535 451 625 516 Idem
647 452 682 515 in
703 449 783 515 Aen.
803 449 835 514 H
854 450 919 514 557
944 451 1043 514 ‘iacet
1065 451 1181 536 ingens

170 561 264 624 litore
296 559 443 643 truncus]
476 559 563 642 quod
595 562 702 621 autem
735 558 813 622 dicit
844 558 975 641 litore,
1012 557 1106 641 illud,
1143 561 1182 620 ut

169 689 266 750 supra
289 667 440 749 diximuS,
463 655 607 750 respicit,
632 665 717 748 quod
740 665 774 728 in
796 663 957 728 Pacuuii
981 663 1182 748 tragoedia

169 771 372 838 continetur?

610 883 736 940 XXXIV

237 985 366 1050 Servius
389 985 422 1048 in
446 982 524 1048 Aen.
544 981 608 1048 VH
627 984 692 1049 320
716 983 863 1049 ‘Cisseist
888 985 1000 1070 regina
1023 983 1182 1048 Hecuba

169 1091 256 1155 filia
292 1090 466 1154 secundum
499 1089 688 1173 Euripidem
721 1088 812 1177 (Hec.
842 1088 877 1178 3)
911 1088 1045 1174 (lissei,
1084 1112 1181 1172 quem

169 1197 294 1261 Ennius
308 1201 349 1261 et
366 1195 528 1260 Pacuuius
547 1200 579 1260 et
592 1195 756 1282 Vergilius
774 1197 971 1282 sequuntur.’
1009 1194 1055 1260 ef.
1074 1195 1181 1260 Iliona

522 1438 527 1448 .
619 1361 729 1418 xxxv

167 1463 246 1528 Post
274 1486 370 1548 quam
398 1463 563 1526 calamites
590 1463 770 1546 complures
797 1463 898 1526 annos
923 1484 1016 1526 aruas
1039 1463 1181 1526 adluitur

238 1585 311 1638 Non.
327 1589 386 1652 192,
402 1590 436 1637 30
457 1585 555 1637 ‘arua
570 1627 575 1636 .
588 1627 593 1637 .
606 1628 611 1638 .
626 1583 761 1637 feminino
778 1586 830 1639 ...'
859 1583 937 1652 Medi
956 1583 1076 1636 frustum
1091 1601 1181 1654 agno-

170 1673 245 1709 scere
264 1655 334 1708 mihi
351 1655 429 1709 risus
449 1673 518 1709 sum.

239 1761 394 1831 complures
414 1763 550 1832 Berpta'as
567 1761 661 1830 plures
681 1783 702 1816 ω
720 1761 881 1830 perplures
900 1761 1018 1816 Botbius

607 1912 733 1970 XXXVI

165 2011 297 2098 Angues
318 2013 467 2110 ingentes
490 2013 583 2077 alites
606 2012 711 2076 iuncti
731 2014 808 2098 iugo

237 2133 331 2187 Cicero
351 2133 385 2188 de
404 2133 459 2187 inv.
479 2133 547 2202 119,
563 2139 596 2187 27
617 2133 730 2187 ‘fabula
749 2136 805 2202 est,
824 2134 854 2186 in
873 2150 928 2201 qua
947 2149 1005 2191 nec,
1018 2149 1102 2187 uerae
1123 2151 1177 2188 nec

166 2203 226 2257 ueri
253 2204 358 2258 similes
386 2221 429 2258 res
458 2205 648 2272 continentur,
677 2204 834 2259 cuiusmodi
860 2208 903 2258 est
918 2249 923 2259 .
936 2249 941 2258 .
955 2206 972 2258 .’
1012 2204 1177 2260 VIctorinus

166 2275 275 2344 explan.
299 2274 329 2328 in
351 2275 467 2330 rhetorr.
493 2275 547 2330 cic.
567 2295 592 2344 p.
614 2281 665 2328 202
684 2276 717 2329 H.
757 2275 900 2329 ‘fabulam
923 2275 994 2329 dicit
1017 2283 1079 2329 esse'
1096 2293 1176 2344 -quae

165 2345 237 2398 nihil
259 2345 319 2400 ueri
341 2363 392 2400 nec
415 2347 475 2400 ueri
499 2347 590 2400 simile
609 2346 747 2415 continet,
772 2350 801 2400 et
819 2347 870 2400 dat
888 2343 1057 2416 exemplum:
1082 2347 1177 2402 cuius-

164 2417 242 2472 modi
265 2419 308 2471 est
330 2420 473 2487 angues'
494 2435 516 2474 e.
536 2437 562 2487 q.
583 2437 603 2472 s.
641 2418 701 2471 Huc
725 2421 852 2487 spectare
876 2417 1037 2472 Ciceronem
1061 2418 1096 2470 de
1115 2435 1175 2488 rep.

164 2489 250 2558 1119,
272 2495 305 2542 14
327 2489 468 2543 intellexit
486 2491 518 2544 A.
533 2489 637 2544 Maius:
669 2491 753 2542 ‘nunc
776 2492 883 2558 autem,
911 2489 935 2542 si
959 2489 1021 2560 quis
1040 2488 1091 2542 illo
1111 2490 1176 2543 Pa-

165 2560 288 2614 cuiano
307 2559 474 2615 inuehens
490 2560 613 2614 alitum
627 2559 788 2630 anguium
803 2577 902 2613 curru
915 2559 1020 2613 multas
1035 2563 1064 2623 et
1078 2561 1176 2614 uarias

164 2635 262 2701 gentes
282 2634 311 2685 et
329 2632 411 2686 urbes
431 2631 573 2700 despicere
592 2635 621 2685 et
639 2631 727 2685 oculis
747 2631 920 2684 conlustrare
938 2630 1049 2699 possit’
1079 2633 1177 2701 Augu-

165 2703 270 2756 stinum
289 2703 409 2771 denique
429 2703 543 2770 Soliloq.
563 2705 589 2756 Π
606 2709 694 2772 1119
713 2703 812 2756 eodem
829 2702 891 2756 loco
910 2702 956 2756 uti
973 2702 1087 2756 notavit
1108 2702 1177 2757 Otto

166 2775 202 2827 ab
222 2773 334 2828 Osanno
353 2773 498 2830 laudatus:
524 2776 595 2827 ‘non
615 2773 702 2842 enim,
722 2791 785 2826 cum
804 2773 907 2826 dicitur
925 2772 1056 2826 iunctis
1076 2773 1177 2827 aliti-

165 2845 226 2898 bus
255 2845 425 2914 anguibus
453 2845 571 2898 Medea
603 2845 752 2912 uolasse,
785 2844 845 2898 ulla
878 2860 912 2898 ex
938 2847 1019 2913 parte
1046 2860 1090 2897 res
1119 2845 1179 2898 ista

165 2933 262 2970 uerum
279 2914 417 2985 imitatur,
436 2915 540 2985 quippe
559 2932 631 2983 quae
650 2915 729 2968 nulla
748 2914 785 2968 eit
800 2959 876 2970 .....
891 2932 948 2968 non
967 2931 1033 2984 ergo
1048 2915 1177 2970 dicemus

164 2987 236 3040 illud
260 2987 294 3040 de
317 2986 418 3040 Medea
440 2985 534 3040 nescio
558 2987 633 3054 quod
655 2989 810 3040 monstrum
833 2987 937 3040 falsum
955 3003 1036 3040 esse.
1053 3030 1058 3040 .
1076 2986 1177 3041 ,itane

164 3059 281 3112 tandem
300 3075 363 3110 cum
382 3057 466 3112 audio
486 3073 613 3126 angues
632 3057 792 3126 ingentes
809 3057 914 3111 alites
929 3057 1066 3110 iunctos
1080 3057 1178 3127 iugc,

149 3136 221 3183 'non
245 3128 308 3182 dico
331 3128 437 3184 falso?'
475 3128 551 3181 idem
574 3127 653 3197 epist.
669 3129 752 3182 VM4
777 3129 844 3198 ‘ego
869 3128 943 3181 enim
964 3127 1034 3180 mihi
1052 3131 1085 3182 ut
1103 3128 1178 3184 libet

164 3203 250 3268 atquc
273 3203 305 3252 ut
329 3199 450 3253 occurrit
472 3199 579 3267 animo,
599 3202 710 3253 Aeneae
729 3199 832 3252 facicm
849 3199 938 3280 fingo,
963 3215 1015 3268 ego
1034 3199 1177 3256 Medeae

165 3289 237 3324 cum
265 3270 336 3324 suis
364 3271 536 3340 anguibus
565 3270 712 3323 alitibus
738 3269 868 3324 iunctis
892 3287 985 3339 rugo,
1014 3287 1065 3340 ego
1091 3270 1177 3325 Chre-

164 3342 246 3394 metis
275 3344 304 3395 et
331 3341 451 3395 alicuius
478 3341 681 3395 Parmenonis!
724 3341 846 3394 Ooufess.
871 3341 910 3394 III
933 3349 949 3395 6
980 3341 1176 3396 ‘uolantem

165 3414 260 3464 autem
278 3412 430 3466 Medeam
448 3412 502 3466 etsi
517 3412 675 3479 cantabam,
694 3429 750 3465 non
765 3412 932 3480 asserebam,
953 3414 981 3465 et
996 3412 1020 3464 si
1034 3414 1175 3467 cantari

166 3481 358 3550 audiebam,
382 3500 439 3536 non
458 3483 624 3536 credebam’
663 3483 768 3536 Eodem
787 3482 883 3536 referri
900 3484 1019 3551 possunt
1036 3483 1175 3538 Varronis

165 3568 179 3588 1
198 3551 354 3619 Marcipore
378 3556 474 3606 satura
497 3553 539 3622 (fr.
555 3559 607 3606 284
621 3553 663 3622 B.)
687 3553 763 3622 apud
783 3553 854 3607 Nou.
870 3559 934 3621 451,
950 3559 982 3606 16
1008 3553 1089 3612 ‘dixe
1112 3555 1176 3625 regi
